3950 5925
131 459 231 537 (2-4.)
574 462 761 525 PEllll‘LUS
781 465 904 525 Mnuts
927 467 1078 528 EllTlllll.
1103 469 1217 530 LlBEll
1237 469 1261 528 l.
1687 493 1743 546 etr

128 588 218 660 νήσοις
229 613 234 625 ’
247 580 283 648 di
296 587 342 658 τὴν
354 589 401 666 μέν
418 589 525 668 πρώτην
537 591 606 649 κατά
617 593 628 670 [
639 591 687 670 τό]
700 592 858 669 μεσαίτατον
869 599 914 652 τοῦ
962 603 1075 668 dictam,
1090 617 1116 658 ct
1126 605 1229 660 duabus
1238 607 1390 671 Britanniis,
1403 625 1515 678 quarum
1526 608 1602 660 ἰειαιιε
1621 611 1646 661 in
1660 611 1748 662 medin

129 676 242 735 Ἰνδικοῦ
254 677 382 755 πελάγους
396 677 497 736 κεῖσθαι
512 678 669 752 συνέστηκε,
681 679 727 746 τδις
739 679 760 738 δ’
771 680 861 760 ἐτέρας
871 680 916 740 δύο
935 745 943 758 ,
963 691 1048 744 Indici
1058 696 1147 757 muris,
1161 694 1237 748 busco
1251 714 1313 748 vero
1327 697 1354 747 in
1366 697 1560 767 septentrionali
1571 700 1677 755 Oceano
1688 700 1749 752 sitas

127 765 157 820 ἐν
170 767 207 844 τῷ
219 764 330 845 ἀρκτῴιρ
342 766 461 845 ὠκεανῷ.
962 797 1019 832 csse
1033 792 1143 835 constet.

170 872 193 915 ε.
219 851 300 920 Εἰδὼς
311 853 338 911 δέ
347 852 392 912 καὶ
402 851 560 933 έτέρουςτῶν
570 855 691 913 παλαιῶν
701 853 760 935 περὶ
770 853 817 925 riu
827 851 915 913 τοιαό·
999 886 1026 922 η,
1046 874 1138 939 Quum
1155 888 1217 929 vem
1227 871 1292 936 311oe
1302 873 1599 942 quoqueveoemmhoc
1608 891 1748 943 „gumein

95 960 109 994 ο
127 963 176 1010 την
189 940 388 1008 σπουδάσαντας
400 941 520 1000 ὑπόθεσιν
530 985 537 1012 ,
548 941 593 1000 καὶ
603 941 660 1009 τοὺς
670 942 718 1017 μέν
730 941 920 1022 μερικάςτινοιςΙ
963 968 1021 1011 ium
1032 969 1164 1025 mim,
1178 961 1327 1030 pnnimqnn
1336 959 1505 1030 panicum
1517 961 1643 1031 (limiam
1658 982 1747 1019 mm.

126 1027 320 1104 ποιησαμένους
343 1027 390 1096 τάς
418 1028 569 1105 διηγήσεις,
594 1028 651 1096 τοὺς
672 1030 699 1088 δὲ
722 1029 767 1092 καλ
790 1030 915 1094 πλειόνων
954 1044 1396 1111 ,fi9nffiedidissg‚n00nnllnnvgro
1404 1047 1749 1118 eriamptnralomanigisse

127 1115 279 1195 ἁψαμένους
296 1116 392 1175 τόπων·
414 1117 514 1187 πολλὴν
534 1116 629 1194 ἐθέμην
647 1117 787 1197 φροντίδα,
807 1117 916 1194 μηδενὸς
962 1133 1041 1186 sciam
1057 1149 1066 1195 :¹
1078 1133 1173 1187 nodulo
1183 1151 1291 1204 opernm
1309 1132 1382 1196 dedi,
1395 1151 1428 1186 ne
1443 1151 1578 1204 quoquam
1592 1136 1696 1189 illorum
1707 1139 1748 1190 iu.

126 1202 226 1262 τούτων
241 1206 351 1282 ὀφθῆναι
363 1203 492 1283 δεύτερος,
507 1205 555 1275 τὴν
571 1203 705 1284 tepidum
729 1209 781 1263 τῶν
801 1209 915 1284 ρηθησο·
962 1220 1165 1286 ίρῑῑοῃγῑάοω,
1176 1239 1283 1291 ,perans
1293 1232 1441 1277 nonni-amm
1450 1203 1543 1280 coium
1554 1240 1614 1292 quae
1622 1222 1748 1278 dicuntur

127 1288 215 1362 μένον
228 1295 273 1361 τῆς
283 1289 412 1369 ἡμετέρας
420 1291 481 1370 περὶ
490 1297 566 1358 τοῦτο
573 1295 687 1364 σπονδῆς
695 1292 800 1370 ἐνοργέε
806 1290 921 1364 ἐλπίσας,
962 1309 1099 1372 veritatem
1111 1318 1208 1374 nosue
1215 1309 1286 1364 circu
1296 1308 1352 1360 haec
1365 1308 1506 1377 diligentis
1514 1309 1748 1366 manifestantem

80 1393 107 1429 ιο
126 1375 233 1434 ἔσεσθαι
253 1376 398 1456 γνώρισμα.
438 1376 540 1438 Τούτου
556 1377 588 1449 δὴ
606 1378 684 1458 χάριν
704 1379 748 1450 καὶ
761 1377 811 1448 τὴνΙ
829 1377 921 1450 αἰτίην,
961 1395 1161 1456 documentum,
1200 1395 1382 1464 Quamobrem
1396 1413 1503 1450 musam
1524 1396 1630 1468 quoque
1649 1398 1747 1452 dim.

124 1468 174 1534 τῆς
191 1464 327 1540 γινομένης
338 1464 399 1542 περὶ
412 1461 459 1544 τὴν
470 1465 647 1545 ἀναμέτρησιν
660 1468 712 1524 τῶν
727 1463 838 1534 σταδίοιν
854 1467 914 1531 διο·
961 1484 1131 1552 patrumm
1140 1480 1531 1534 insudiorumdimensionibm
1539 1484 1659 1551 contigit,
1669 1484 1747 1538 tecte

124 1551 224 1628 φωνίας
240 1549 327 1631 illu
342 1552 393 1608 δῑῗί
408 1555 579 1630 παραστῆσαι
591 1555 643 1618 τοῖς
658 1551 852 1630 ἐντευξομένοις·
868 1558 914 1625 τῆς
961 1566 1223 1640 ribuscxponendum
1232 1568 1331 1620 censui.
1367 1558 1461 1635 Quum
1469 1567 1540 1619 enim
1547 1567 1699 1637 hujusmodi
1706 1590 1747 1622 ar-

123 1637 302 1716 γάρτοιαότης
313 1637 494 1710 ὑποθέσεωςτδ
504 1638 695 1719 ἀκριόέςοῦκέν
703 1648 760 1708 ταῖς
768 1638 853 1699 θέσεσι
861 1644 913 1699 τῶν
960 1665 1115 1722 gumentnm
1128 1672 1183 1708 non
1197 1664 1299 1707 trintum
1315 1655 1343 1706 in
1352 1652 1470 1706 locorum
1477 1692 1486 1717 ,
1496 1653 1604 1708 urbium
1615 1665 1694 1725 atque
1707 1658 1746 1709 in-

122 1723 213 1784 renni
221 1724 298 1802 μόνον
306 1728 350 1785 καὶ
358 1726 602 1798 enuntiantem
609 1726 655 1784 καί
665 1727 779 1804 λιμένων
790 1726 911 1806 ἐχούσης,
960 1739 1075 1793 suumn
1086 1749 1265 1812 portuumque
1276 1741 1338 1803 situ,
1352 1738 1399 1792 sed
1412 1741 1440 1792 in
1449 1739 1540 1793 studiis
1551 1751 1612 1794 unte
1620 1743 1710 1795 oinnia
1720 1754 1746 1796 et

81 1829 109 1867 ¹⁵
123 1813 195 1882 ἀλλὰ
207 1812 262 1892 πρό.
271 1837 303 1891 Y!
315 1815 419 1872 πάντων
430 1817 457 1874 ἓν
472 1815 525 1883 τοῖς
540 1816 653 1883 σταδίοις
663 1816 708 1874 καί
719 1823 776 1883 ταῖς
787 1817 838 1874 τῶν
853 1839 914 1894 χω-
958 1830 1098 1899 regionum
1108 1827 1317 1882 dimensionibus
1324 1838 1476 1882 aoeuratum
1485 1846 1540 1881 esse
1549 1841 1677 1900 oportent,
1686 1850 1747 1884 con·

124 1899 190 1978 ρίων
205 1900 423 1980 διαμετρήσεσιν,
438 1901 580 1960 ἀκόλουθον
594 1891 669 1978 οἶμαι
682 1900 759 1979 λόγον
773 1903 855 1981 ἐρεῖν,
867 1904 913 1961 καί
959 1921 1106 1970 venientem
1116 1916 1252 1968 instituere
1259 1913 1326 1966 mihi
1339 1912 1431 1966 videor
1444 1932 1593 1967 sermonem
1606 1926 1634 1969 ct
1653 1918 1699 1986 qui
1714 1918 1745 1969 iis
1786 1979 1791 1990 .

123 1995 179 2054 τοίς
192 1987 356 2066 βουλομένοις
364 1987 433 2047 κατδι
445 1987 521 2070 φύσιν
531 1997 637 2048 σκοπεῖν
649 1988 697 2060 τὴν
708 1991 734 2048 ἐν
745 1991 782 2069 τῷ
792 1989 913 2070 περίπλερ
959 2004 1004 2074 qui
1013 2019 1063 2072 pro
1074 2003 1112 2054 rei
1125 2012 1220 2054 natura
1229 2001 1357 2053 rationem
1365 1984 1480 2053 marisin
1489 2000 1637 2070 navigando
1658 2002 1745 2055 ‹lime-

122 2076 173 2144 τῆς
186 2073 315 2148 θαλάττης
329 2075 507 2155 ἀναμέτρησιν
526 2078 612 2148 ἀληθῆ
633 2075 829 2156 φανησόμενον,
849 2076 912 2135 καί·
957 2087 1040 2140 tiendi
1060 2087 1228 2142 considerare
1249 2086 1390 2150 voluerint,
1415 2104 1492 2139 verus
1515 2105 1570 2139 esse
1592 2089 1743 2159 apparebit,

121 2182 195 2234 τοεγε
216 2163 268 2220 τῶν
289 2160 349 2242 περί
365 2163 464 2222 τούτων
479 2162 683 2222 σπουδασάντων
698 2163 798 2230 οὐδενὸς
812 2167 911 2236 ἐπιση-
958 2190 1119 2244 quamquam
1130 2190 1209 2225 nemo
1220 2171 1325 2226 illorum
1344 2173 1390 2242 qui
1407 2171 1525 2225 dehisce
1537 2174 1699 2244 scripserunt
1716 2175 1744 2228 id

75 2264 106 2302 20
121 2248 278 2324 μηναμένου
291 2255 387 2328 τοῦτο,
401 2251 460 2308 ἀλλ’
475 2248 565 2329 ὥσπερ
577 2250 684 2330 σχοινίιρ
698 2251 912 2331 διαμεμιτρημί-
957 2261 1045 2332 ipsum
1056 2260 1220 2324 indimrerit,
1233 2258 1279 2313 sed
1295 2261 1433 2312 omnesitu
1443 2278 1586 2313 numerum
1597 2260 1744 2314 studiorum

120 2358 170 2404 νης
192 2341 238 2408 τῆς
261 2337 406 2411 θαλάττης,
429 2337 497 2396 οὕτω
522 2339 567 2396 τδν
589 2339 698 2417 ἀριθμόν
722 2342 775 2398 τῶν
799 2339 911 2398 σταδίων
956 2347 1136 2416 exposuerint,
1148 2364 1179 2400 uc
1187 2347 1209 2399 si
1219 2363 1291 2399 mure
1303 2343 1366 2398 lune
1376 2344 1490 2404 dimensi
1498 2357 1593 2406 essent.
1631 2349 1743 2415 Egoau-

121 2424 352 2502 ἀπαγγειλάντων.
394 2426 474 2503 Φημί
485 2426 517 2498 δη
532 2429 578 2486 οὐκ
592 2429 618 2486 ἐν
636 2425 720 2485 linunt
734 2434 788 2494 τοῖς
798 2430 847 2498 τῆς
864 2434 911 2486 θα·
957 2443 1010 2502 terp
1017 2453 1071 2486 non
1080 2433 1285 2488 ncileessedioo
1296 2435 1324 2491 in
1330 2435 1421 2505 quavis
1430 2435 1509 2496 maris
1518 2434 1743 2508 purtestudiorum

120 2510 222 2582 λάττης
242 2511 333 2592 μέρεσι
353 2510 439 2594 ῥᾴδιον
452 2504 519 2572 εἶναι
540 2513 583 2572 τὸν
598 2517 649 2572 τῶν
665 2514 778 2578 σταδίων
801 2515 910 2593 ἀριθμὸν
957 2537 1098 2573 numerum
1111 2521 1305 2582 uccumtissimc
1322 2521 1455 2584 invenire;
1471 2518 1518 2580 sed
1536 2519 1666 2590 siquidem
1683 2521 1743 2584 litus

120 2596 188 2674 πρὸς
208 2597 237 2656 τὸ
250 2597 442 2678 ἀκριόέστατον
463 2603 588 2680 ἀνευρεῖν·
612 2600 670 2660 ἀλλ’
691 2605 714 2660 εί
735 2600 783 2677 μέν
794 2600 850 2678 ᾐών
872 2625 911 2670 τις
956 2605 1064 2675 aliquod
1076 2616 1178 2659 rectum
1191 2616 1270 2676 atque
1281 2604 1407 2676 aeqnnbilc
1422 2606 1466 2669 sit,
1481 2623 1530 2657 nec
1546 2623 1623 2658 curos
1635 2608 1742 2663 sinuum

75 2697 105 2735 ²⁵
121 2686 210 2744 εὐθεῖα
220 2685 438 2764 τυγχάνει,μήτε
450 2686 603 2760 κοιλότητας
615 2687 682 2766 μήτε
695 2685 786 2768 ἐξοχάς
798 2685 908 2768 ἔχουσα,
955 2709 1074 2746 recessus
1093 2710 1180 2762 noque
1195 2691 1384 2763 prominentias
1396 2690 1460 2744 ullas
1479 2689 1584 2755 babent,
1599 2691 1742 2747 dimensio·

119 2777 168 2831 τοῦ
183 2772 257 2852 παρὰ
274 2773 372 2844 ταύτην
391 2774 527 2852 γινομένου
540 2777 607 2834 πλοῦ
623 2773 670 2846 τὴν
683 2773 860 2856 ἀναμέτρησιν
874 2779 910 2844 ὡς
955 2797 1018 2835 nem
1028 2776 1355 2850 navigationissccundum
1365 2773 1518 2858 hujusmodi
1528 2776 1590 2834 litus
1601 2775 1700 2829 facilem
1713 2791 1743 2832 ut

120 2859 221 2926 ἐπίπαν
236 2860 327 2939 ῥᾳδίαν
340 2851 415 2918 εἶναι·
429 2863 481 2920 τῶν
496 2862 523 2921 δέ
542 2862 647 2922 κόλπων
665 2862 774 2921 καὶτῶν
790 2866 910 2942 ἀκρωτη·
955 2867 1100 2937 plurimum
1109 2884 1180 2931 essm
1193 2867 1299 2918 sinuum
1308 2873 1395 2918 nutem
1409 2874 1487 2934 utque
1498 2867 1741 2935 promonlorlorum

122 2948 186 3028 ρίων
198 2947 258 3019 ἤτοι
269 2947 435 3031 χερρονήσων
447 2948 490 3007 sbi
502 2949 645 3029 περίπλουν
655 2951 685 3010 οὒ
695 2949 802 3012 δυνατὸν
813 2950 909 3031 ἀκριόῆ
955 2955 1011 3009 sive
1026 2951 1224 3025 peninsulurum
1241 2952 1370 3021 ambitum
1384 2963 1536 3016 nocumtum
1549 2954 1672 3006 constitui
1687 2974 1741 3007 non

119 3040 304 3113 παραστῆσαι.
346 3038 386 3097 Οὐ
414 3034 465 3117 γάρ
485 3039 545 3097 καθ’
566 3038 779 3117 ὡμολογημένων
803 3039 907 3110 τόπων,
954 3039 1181 3110 possecxistim03
1194 3039 1361 3109 nequeenim
1376 3038 1452 3090 sicuti
1467 3039 1495 3100 in
1512 3040 1658 3095 continenti
1673 3052 1742 3096 tenu

76 3136 106 3177 30
120 3122 213 3205 ὥσπερ
228 3125 272 3183 ἐπί
294 3129 340 3197 τῆς
352 3130 400 3203 γῆς
413 3125 457 3184 δεδι
470 3128 523 3183 τῶν
537 3124 677 3207 λεωφόρων
691 3125 738 3197 τὴν
759 3126 909 3205 ὁδοιπορίαν
953 3129 1005 3179 itcr
1021 3127 1052 3180 fir
1064 3144 1112 3197 per
1124 3126 1249 3179 militares
1263 3126 1329 3188 vias,
1349 3126 1385 3177 itu
1399 3126 1427 3177 in
1443 3126 1508 3178 muri
1528 3144 1635 3197 quoquc
1648 3147 1740 3180 cursus

120 3216 274 3287 ποιοῦνται,
291 3212 360 3271 οὕτω
371 3212 437 3273 κάπί
449 3217 496 3285 τῆς
513 3213 649 3285 θαλάσσης
662 3212 707 3271 τὸν
720 3215 802 3271 πλοῦν
814 3213 907 3271 ἀνόου-
953 3230 1002 3284 per
1014 3222 1085 3265 certa
1104 3222 1132 3265 et
1144 3223 1207 3265 notu
1218 3210 1275 3264 locu
1288 3210 1422 3279 dirigitur.
1437 3212 1570 3264 Ponamus
1583 3215 1653 3265 enim
1667 3215 1739 3267 verbi

120 3322 174 3360 σιν.
215 3298 445 3381 Ὑποκείσθωγδιρ
467 3300 546 3380 λόγου
568 3300 650 3382 χάριν.
665 3301 761 3370 κολπος
779 3299 848 3360 κατὰ
866 3300 919 3365 τὸν,
953 3300 1035 3377 gratia
1048 3300 1135 3351 sinum
1152 3296 1230 3371 juxta
1247 3298 1334 3369 ipsum
1356 3296 1418 3365 litus
1437 3297 1550 3353 circuitu
1569 3308 1675 3350 centum
1689 3310 1739 3352 sta-

121 3514 532 3584 Scriptummperlitemmllin
546 3516 681 3569 Marciano
697 3515 785 3569 firmat
793 3516 911 3570 testimo·
950 3510 1193 3567 Diodorliusl.l.:
1219 3534 1230 3555 ι
1257 3511 1338 3563 Recte
1350 3508 1498 3580 Stephanus
1510 3510 1609 3581 quique
1622 3528 1683 3563 curn
1701 3530 1739 3599 se-

119 3593 198 3643 nium
206 3591 331 3661 Stephani
342 3594 404 3663 Byz.
420 3610 446 3646 ν.
467 3594 568 3664 Βρεττίαν
590 3594 637 3648 ubi
651 3611 657 3647 :
672 3593 782 3647 Εἰολκαλ
803 3595 908 3665 Βρεττα-
951 3593 1043 3663 quitur
1052 3588 1334 3660 Eustathiusjudicunt
1347 3588 1459 3645 alterum
1476 3606 1491 3640 τ
1510 3590 1587 3641 metri
1599 3606 1676 3641 causa
1689 3608 1739 3659 εγο-

119 3672 275 3735 triestinum
298 3670 373 3743 ἐντῷ
396 3671 519 3737 Ὠκεανῷ,
541 3669 577 3726 ὧν
598 3672 627 3726 το
650 3672 745 3726 tenni
765 3674 904 3743 Βρεττανοί.
952 3672 1017 3725 cisse
1039 3670 1197 3741 Dionysium
1218 3684 1301 3721 :num
1321 3668 1444 3724 usinum
1461 3667 1561 3721 Graecis
1582 3668 1738 3736 scripturam

118 3748 245 3809 Διονύσιος
261 3748 270 3819 (
284 3752 343 3803 Per.
364 3752 436 3817 284)
451 3750 547 3820 ὑφελὼν
562 3751 590 3807 rb
609 3752 662 3805 ἓντ
679 3750 760 3822 ἐφη-ι
787 3751 907 3807 Ὠκεανοῦ
952 3748 1031 3803 luisse
1042 3746 1390 3819 Βρεττανοὶ(ε.[1ρεττανοί;
1405 3744 1614 3816 Βριττανόςοριιά
1622 3747 1735 3798 Dracon.

119 3828 222 3895 κέχυται
236 3827 327 3897 ψυχρός
338 3827 401 3897 ῥόος,
413 3828 472 3881 ἔνθα
487 3830 611 3899 Βρετανοί.
633 3830 680 3882 Καί
693 3830 768 3881 ἄλλοι
781 3830 857 3891 οὕτως
867 3830 907 3882 διὰ
951 3829 1066 3882 Straton.
1087 3826 1212 3881 scribitur
1224 3842 1251 3896 p.
1276 3824 1485 3900 17,l1),ncmini
1503 3822 1615 3875 dubium
1629 3825 1678 3874 crit
1692 3826 1737 3893 qui

118 3926 136 3957 π
156 3904 300 3975 Πρετανίδες
320 3910 407 3973 νῆσοι,
421 3908 454 3969 ὡς
471 3908 661 3979 Μαρκιανὸς
680 3910 722 3961 καί
739 3909 904 3981 Πτολεμαῖος.
951 3906 1073 3960 codicum
1091 3903 1311 3964 consuetudinem
1325 3906 1352 3956 in
1363 3903 1501 3967 Strabone,
1524 3901 1653 3965 Diodoro,
1666 3901 1735 3967 aliis,

121 4007 132 4033 ι
149 3987 246 4037 Forma
257 4002 316 4056 quae
335 3986 369 4039 ab
381 3986 454 4040 litem
472 3986 607 4059 Ilincipit,
623 4006 677 4041 non
692 3987 796 4041 videtur
813 3989 864 4041 nisi
879 3990 906 4043 in
951 3986 1144 4049 observaverit,
1159 3986 1204 4055 qui
1220 4002 1287 4053 pene
1297 3992 1446 4060 constanter
1461 3981 1623 4072 duplintum
1637 4000 1661 4044 τ,
1674 3984 1735 4033 sim-

117 4080 265 4134 pauoorum
291 4066 450 4135 scriptorum
481 4083 559 4118 usum
585 4068 700 4130 venisse3
731 4068 906 4137 antiquiorem
950 4066 1010 4135 pler
1029 4076 1117 4118 autem
1137 4072 1282 4124 utaentur,
1301 4071 1401 4132 utquae
1415 4062 1442 4113 in
1463 4070 1621 4113 contrariam
1635 4070 1736 4129 partcrn

118 4160 178 4193 cnm
196 4142 273 4195 habet
287 4144 439 4195 Eustntbius
459 4142 493 4195 ud
508 4146 620 4215 Dionys.
640 4150 702 4214 ἀρα.
728 4145 807 4217 Apud
821 4146 906 4199 Ptole·
950 4144 1070 4214 exempla
1081 4143 1250 4213 reperiuntur
1261 4142 1318 4192 sine
1326 4140 1493 4192 cunctatione
1502 4139 1597 4206 corrigi
1605 4149 1735 4208 oporteat,

120 4236 218 4271 ιιιανιιιι
243 4238 315 4272 nunc
339 4238 386 4291 pcr
405 4220 567 4289 pscribitur,
588 4222 771 4289 librariorum,
799 4226 905 4295 opinor,
951 4240 1005 4274 non
1016 4222 1221 4293 impedientibus
1230 4222 1329 4282 numis,
1338 4216 1733 4289 quisaepcsimplextprnbent.

117 4297 205 4368 culpa,
222 4316 289 4367 quos
300 4316 393 4367 magna
404 4300 519 4369 suspicio
527 4310 566 4352 est
575 4302 654 4353 etium
666 4302 693 4353 in
707 4302 762 4354 aliis
771 4304 906 4373 scriptori·
951 4304 1078 4355 Diversus
1090 4305 1271 4354 Romanorum
1283 4316 1345 4351 usus
1356 4308 1409 4362 een
1427 4298 1474 4367 qui
1489 4314 1573 4366 quum
1585 4297 1659 4367 prius
1671 4297 1735 4347 sim·

118 4378 170 4430 bus
183 4378 311 4431 rariorem
327 4377 439 4431 sormam
451 4378 610 4431 obliterasse.
624 4381 666 4433 Sic
674 4380 745 4450 apud
757 4381 906 4437 Diodorum
950 4381 1009 4452 pler
1019 4380 1219 4453 tpraetulissent,
1230 4387 1320 4449 posteo
1331 4376 1428 4447 duplex
1438 4374 1605 4429 adsciverunt
1617 4392 1623 4426 :
1636 4374 1735 4444 dequo

117 4457 171 4509 Sic.
182 4454 250 4508 libro
259 4456 353 4526 quinto
361 4457 551 4510 vetustissimus
560 4456 643 4510 codex
653 4457 867 4513 Vindobonensis
877 4482 903 4525 n,
949 4460 1018 4513 dixit
1030 4456 1139 4522 Eckbel,
1151 4459 1200 4521 vt,
1212 4475 1239 4528 p.
1255 4460 1317 4519 olo.
1330 4454 1437 4525 Duplex
1451 4473 1464 4507 ν
1477 4454 1615 4525 proprium
1632 4452 1735 4505 videtur

117 4536 277 4588 recentiores
286 4535 346 4587 libri
355 4534 379 4605 β’
388 4536 515 4606 μενοίνεον.
529 4558 540 4585 ν
553 4539 688 4589 Drrnou.
697 4539 770 4590 inst.
779 4540 859 4592 Thes.
868 4544 904 4604 ll,
949 4540 981 4591 iis
992 4538 1083 4592 formis
1097 4534 1461 4609 quusimplicitscribuntur.
1475 4534 1733 4604 »ll-10psoelmtor

117 4631 145 4684 p.
159 4618 222 4677 ἀει.
233 4613 338 4683 Quibus
351 4613 419 4669 adde
430 4614 503 4685 quod
511 4614 741 4669 eundemlormnm
755 4616 904 4690 npudStra·
949 4618 1010 4671 cod.

118 4692 216 4745 bouem
226 4703 255 4745 ut
264 4692 408 4763 plurimum
420 4693 537 4765 prebent
554 4693 659 4748 codices
678 4695 781 4766 optimi,
795 4694 862 4749 adeo
875 4708 905 4750 ut
984 4700 1038 4765 §2,
1049 4697 1068 4750 Ι.
1082 4695 1108 4749 5.
1123 4695 1195 4757 τοὶις
1208 4694 1282 4766 μὲν]
1297 4693 1340 4755 τὰς
1352 4693 1396 4765 μὲν
1407 4692 1480 4761 eod,
1497 4710 1549 4758 cm,
1563 4690 1650 4744 Huds.
1665 4693 1676 4761 ΙΙ
1697 4721 1733 4733 -

117 4771 204 4823 ubivis
213 4772 242 4824 in
253 4772 381 4831 Strabone
393 4772 572 4845 reponendum
580 4771 641 4845 jure
648 4774 795 4845 suspicetur
805 4777 904 4834 Meine·
949 4780 975 4829 6.
988 4776 1116 4837 πλειόνονς
1126 4773 1200 4838 cod.;
1212 4792 1265 4827 em.
1278 4773 1354 4826 editt.
1373 4773 1384 4843 ΙΙ
1398 4802 1434 4815 -
1447 4792 1474 4841 9.
1489 4770 1584 4842 ἐυεργὲς
1595 4769 1668 4834 οοά.;
1678 4788 1731 4823 cm.

117 4849 178 4905 lius
188 4848 222 4903 ad
235 4850 325 4923 Steph.
341 4852 403 4922 Byz.
414 4868 440 4905 ν.
457 4852 605 4923 Πρετανικη,
619 4853 665 4923 qui
685 4854 713 4904 in
727 4854 785 4924 ipso
797 4854 905 4925 διερὴν-
948 4854 1024 4909 εάἰιι.
1040 4856 1050 4924 ΙΙ
1064 4885 1100 4896 -
1114 4871 1156 4907 ιο.
1169 4853 1281 4906 τούτου
1290 4852 1355 4923 Ῑτοῦ.
1365 4851 1425 4916 cod,
1440 4861 1466 4903 ct
1477 4849 1552 4903 editt.
1569 4850 1580 4918 ΙΙ
1592 4878 1628 4890 -·
1639 4863 1680 4900 ια.
1694 4849 1737 4900 δεῖ

117 4948 155 4983 no
164 4932 338 5001 antiquiorem
352 4932 420 4987 banc
433 4932 546 4992 sormam
559 4952 575 4987 e
586 4932 666 4991 codd.
678 4933 865 5004 redintegmvit
877 4955 901 4989 ν.
948 4934 1021 4999 ood.;
1036 4953 1087 4987 ern.
1110 4932 1185 4987 editt.
1211 4933 1222 5002 ΙΙ
1243 4962 1279 4973 -
1295 4935 1337 4997 τό.
1348 4931 1400 4985 καί
1419 4930 1509 5001 λερ.]
1524 4930 1540 4995 ἢ
1554 4929 1581 4982 λ.
1595 4926 1668 4995 cod,
1678 4945 1730 4980 cm.

118 5009 237 5080 Σάμνων,
247 5010 364 5065 Αἰόοῦδαι
376 5014 387 5081 (
398 5016 469 5079 νῆσοι
478 5014 548 5065 πέντε
558 5017 601 5079 τῆς
612 5012 785 5083 Πρτταννικῆς,
795 5015 828 5075 ὡς
838 5014 904 5085 Μαρ-
947 5014 1033 5067 Huds.
1049 5015 1059 5082 ΙΙ
1069 5044 1105 5053 -
1119 5016 1161 5065 ι8.
1176 5012 1350 5082 φανησομένην,
1359 5008 1420 5063 cod.
1431 5019 1458 5062 et
1467 5009 1542 5062 editt.
1559 5010 1663 5077 ll···²l·
1677 5006 1732 5077 vll

119 5087 228 5159 κιανός),
243 5088 342 5143 ’λλόίων
348 5093 363 5160 (
376 5096 449 5158 νῆσος
458 5090 608 5161 Πρεττανικὴ
621 5093 700 5163 [utin
709 5092 769 5146 cod.
783 5105 873 5146 nostro
881 5096 901 5163 ],
948 5091 1028 5163 ᾐὼν]
1044 5091 1087 5161 μὲν
1101 5097 1167 5158 νηῶν
1181 5090 1253 5157 cod.;
1265 5088 1328 5156 ἠϊὼν
1345 5107 1397 5143 cm.
1412 5088 1519 5141 Salmas.
1539 5090 1647 5140 Exemc.
1662 5086 1730 5140 Plin.

119 5166 258 5235 Μαρκιανός
268 5166 289 5237 ),
308 5168 424 5238 Ἰουερνία
436 5180 463 5223 et
481 5168 587 5242 Ἰουερνη
602 5170 694 5241 (cujus
703 5173 803 5225 mentio
814 5190 844 5224 cx
857 5190 902 5223 eo·
947 5190 974 5243 p.
990 5172 1048 5225 550.
1064 5172 1075 5239 ΙΙ
1089 5201 1126 5211 -
1137 5188 1181 5240 29.
1194 5170 1226 5222 δι’
1237 5169 1440 5240 ὧμθδῠγημέθωί
1453 5168 1492 5220 V⁰l
1508 5168 1540 5218 δί’
1551 5166 1732 5237 κθθωθθέίθῖίι·

119 5244 180 5297 dem
197 5247 332 5299 lllerciano
347 5249 483 5318 llurtcrit)¹
501 5250 581 5317 Quod
601 5252 687 5304 tuens
708 5272 720 5303 τ
740 5262 790 5303 ειν
808 5253 834 5303 in
854 5252 902 5303 bac
948 5252 1027 5318 μένων
1055 5252 1138 5303 τόπων
1166 5249 1205 5302 vel
1237 5249 1291 5301 καθ’
1316 5248 1524 5318 ὡμολογημένους
1545 5266 1568 5299 τ.
1593 5245 1732 5298 volucrunt

120 5342 182 5377 voco
198 5323 278 5378 niodo
297 5326 424 5399 simplices
434 5328 515 5382 niodo
528 5329 645 5400 duplices
659 5333 759 5407 attinet,
775 5332 808 5383 dc
818 5331 857 5383 liis
868 5332 902 5383 itn
946 5331 1079 5395 lludson,
1089 5329 1174 5383 editor
1184 5330 1355 5393 Viennensis,
1365 5326 1550 5391 Hollmunnus,
1561 5325 1729 5389 Letronnius,
