3950 5925
228 318 285 368 εω
451 274 457 286 ’
740 312 909 373 uronrsn
933 314 1214 375 cttttrnonrts
1236 315 1328 377 run
1760 325 1846 401 γε...)

281 440 343 522 ύψος
353 442 376 500 δ’
388 442 485 521 ἔχουσα
495 442 539 501 καὶ
550 442 656 519 λιμένας
667 446 747 524 τρεῖς·
760 446 909 533 ἐχομένη...

279 529 343 607 πρὸς
355 530 467 609 ἑσπέραν
479 533 502 588 δ’
518 533 617 589 οἰκοῦσι
629 536 674 603 τῆς
687 534 856 599 Αἰτωλίας...

280 616 359 695 Ἱερδν
372 620 395 674 δ’
407 617 513 676 ὕπεστιν
526 617 686 698 Ἡρακλέους
698 622 869 698 καλούμενον,

239 724 266 762 σε
281 705 366 783 ἕτερον
380 705 402 762 δ’
414 704 574 785 Ἀφροδίτης.
589 708 741 785 Ποταμδνὴ
761 708 836 787 χώρα
849 714 872 767 δ’
886 710 941 788 ἔχει

278 792 413 871 Ἀχελῷον.
424 791 546 873 Ἡμερῶν
559 793 586 853 δὲ
596 795 642 853 καί
651 799 749 854 νυκτῶν
764 795 809 854 δύο

279 880 332 937 ἔσθ’
344 884 358 937 δ
369 881 523 959 παράπλους
535 885 625 954 αὐτῆς.
638 880 752 963 Ἔχεταε
761 886 784 942 δ’
798 886 930 958 Αἰτωλία,

278 969 303 1025 ἐν
316 960 335 1045 ᾖ
343 967 418 1035 πόλις
434 968 559 1049 Πλευρὼν
572 970 723 1049 ὑπόκειται,
735 972 823 1052 χίερόν

279 1054 351 1137 ῥίγιον
363 1055 472 1128 ’Λδηνᾶς
484 1060 554 1117 ἐστιν
566 1058 763 1137 ὠνομασμένον.

236 1162 264 1203 ου
276 1140 390 1203 Ἔπειτα
403 1143 545 1223 Καλυδὼν,
559 1138 624 1205 εἶπεν
637 1148 667 1205 αἰ
674 1152 698 1207 τ’
710 1146 847 1227 Ἐχινάδες

276 1236 351 1302 νῆσοι
362 1232 480 1309 ποταμός
492 1233 514 1292 τ’
528 1234 628 1307 Εὔηνος
640 1238 670 1293 ἐκ
683 1235 780 1297 Πίνδου
791 1239 866 1315 ῥέων.

278 1310 361 1379 Οὗτοι
374 1321 498 1379 Δολόπων
513 1325 613 1380 οἰκοῦσι
624 1323 687 1403 πρὸς
698 1324 877 1402 μεσημόρίαν·

277 1406 433 1487 παράπλους
444 1408 471 1467 δέ
483 1409 580 1483 ταύτης
594 1410 663 1469 ἐστὶν
676 1411 778 1491 ἡμέρας
790 1422 862 1489 μιᾶς.

276 1486 345 1553 Εἶτα
358 1495 426 1571 μετδι
439 1496 536 1569 ταύτην
549 1502 566 1569 ἡ
580 1499 674 1577 Λοκρὶς
687 1500 853 1575 καλουμένη,

235 1603 263 1642 οε
277 1586 303 1642 ἐν
315 1574 334 1661 ᾖ
345 1584 419 1651 πόλις
428 1583 602 1653 Ναύπακτος·
614 1578 658 1643 εἶθ’
671 1586 837 1665 ὑποκείμενος

275 1668 354 1747 λιμὴν
370 1671 450 1749 μέγας
461 1674 537 1739 πόλις
547 1696 574 1730 τε
587 1675 724 1753 Τολορυίν.
738 1675 817 1736 Meet
828 1675 855 1733 δὲ
868 1676 915 1745 τήν

276 1761 422 1838 ’ἰόλορῶνα
434 1758 552 1835 ποταμός
565 1759 617 1817 ἐσθ’
629 1759 755 1829 Ὕλαιθος
766 1762 914 1840 λεγόμενος·

275 1851 366 1905 τοῦτον
377 1846 404 1904 δέ
416 1847 467 1926 ῥεῖν
478 1845 598 1923 λέγουσιν
611 1847 637 1916 ἐξ
648 1849 788 1915 Λίτωλίας.

274 1932 308 1992 ‘0
320 1942 371 2001 πᾶς
386 1935 412 1992 δὲ
424 1935 579 2013 παράπλους
591 1936 643 1995 οὐδ’
657 1935 719 2008 όλης
731 1938 784 1996 ἔσθ’
798 1937 907 2019 ἡμέρας.

234 2042 262 2080 70
275 2013 356 2081 Οὗτοι
367 2026 531 2079 κατοικοῦσιν
544 2021 571 2081 δὲ
583 2025 647 2103 πρδς
658 2024 826 2104 μεσημόρίαν

273 2108 420 2178 Αἰτωλίας,
435 2106 547 2188 Λέλεγες
558 2108 587 2167 τδ
601 2110 662 2189 πρίν
673 2110 839 2189 κεκλημένοι.

272 2194 387 2256 Ἔπειτα
403 2197 509 2261 Φωκεῖς
523 2198 573 2254 εἰσι
588 2200 696 2275 Λοκρῶν
710 2198 849 2276 ἐχόμενοι,

272 2286 336 2362 παρ’
347 2273 384 2349 οἷς
393 2282 482 2341 πεδίον
496 2286 633 2361 Κρισαῖον.
646 2282 708 2343 ’Λπὸ
721 2285 821 2365 Κίρρας
830 2286 853 2344 δ’
864 2285 917 2345 ἄνω

272 2370 401 2449 προὸάντι
412 2373 520 2449 Δελφῶν
531 2369 605 2438 πόλις
616 2370 708 2429 ύπεστι
716 2374 816 2453 χίερόν,

233 2479 259 2517 75
275 2460 301 2515 ἐν
317 2450 380 2538 «isich
393 2462 525 2535 μαντεῖον,
539 2456 592 2515 ὅτε
605 2460 761 2539 Παρνασός,
774 2458 842 2539 μέγα

273 2546 318 2603 καί
330 2544 436 2604 σύσκιον
447 2544 522 2624 ὄρος,
533 2536 588 2603 εἰτα
599 2550 706 2627 νυμρῶν
721 2548 846 2626 ἐχόμενον

274 2632 411 2713 Κωρύκιον
425 2632 534 2712 ἄντρον·
548 2624 613 2691 εἶτεν
627 2633 764 2713 ’Λντεκύρα
774 2636 848 2701 πολες

272 2720 390 2798 ποταμός
402 2744 430 2779 τε
447 2719 564 2799 Κηφισὸς
578 2722 641 2802 ῥέων
652 2723 681 2780 ἰκ
695 2721 825 2789 Φωκίδος.

272 2811 433 2889 Παράπλονς
445 2808 472 2868 δὲ
486 2811 583 2881 ταύτης
596 2809 696 2890 ἡμέρας
708 2810 763 2869 ἔσθ’
772 2814 820 2889 οὐχ
834 2811 904 2881 όλης.

1055 457 1101 509 sed
1112 457 1209 510 hahens
1218 458 1383 512 altitudinem
1397 473 1542 532 portusque
1552 473 1618 527 trcs;
1633 462 1741 517 dein....

1055 545 1178 596 Ceterum
1192 548 1341 598 Acarnanes
1355 546 1390 599 ad
1403 565 1525 600 oceasum
1535 559 1597 601 sunt
1608 550 1709 603 AEtoliae
1712 588 1766 603 .....

1055 633 1156 683 Fanum
1166 630 1266 700 adjacet
1277 632 1287 704 (
1300 634 1442 703 Alyziae)
1453 636 1589 702 Herculis,

1054 717 1178 788 aliudque
1187 720 1307 772 Veneris.
1321 720 1431 773 Flumen
1446 722 1605 791 hahetregio

1055 804 1210 858 Acheloum.
1225 809 1348 859 Duorum
1359 818 1449 859 autem
1457 806 1561 861 dierum
1571 819 1649 880 atque
1665 812 1783 863 noctium

987 918 989 923 .
1054 893 1232 960 praetervectio
1245 890 1302 961 ejus
1312 902 1361 946 est.
1374 894 1499 964 Sequitur
1509 894 1619 959 AEtolia,

1054 978 1081 1027 in
1094 994 1145 1047 qua
1157 977 1270 1030 Pleuron
1283 977 1346 1029 urhs
1355 977 1435 1048 jacet,
1448 990 1474 1031 et
1485 980 1613 1053 templum

1054 1077 1173 1119 sanctum
1185 1066 1222 1119 ihi
1232 1078 1271 1119 est
1287 1069 1413 1121 Minervae
1426 1067 1537 1123 dictum.

1054 1152 1157 1204 Deinde
1168 1152 1301 1223 Calydon,
1311 1152 1373 1206 dein
1384 1153 1532 1207 Echinades

1053 1237 1154 1301 insulae,
1166 1248 1192 1290 et
1201 1240 1306 1293 Eveuus
1313 1240 1399 1292 amnis
1408 1258 1424 1291 e
1434 1240 1520 1293 Pindo
1531 1240 1658 1293 dessuens.

1052 1324 1131 1377 AEtoli
1141 1324 1286 1395 Dolopihus
1296 1336 1358 1378 sunt
1370 1325 1405 1377 ad
1416 1325 1564 1380 meridiem.

1054 1412 1176 1479 Regionis
1187 1414 1367 1482 praetervectio
1378 1413 1457 1464 unius
1469 1423 1509 1465 est
1520 1412 1583 1465 dici.
1656 1405 1660 1411 ⁵

1052 1498 1116 1549 Post
1131 1496 1198 1549 hanc
1207 1496 1329 1567 deinceps
1343 1499 1504 1568 Locrisque
1517 1509 1635 1563 vocatur,

1053 1587 1080 1636 in
1093 1604 1174 1656 eaque
1189 1586 1252 1639 urbs
1267 1588 1433 1657 Naupactum
1450 1586 1547 1639 deinde
1554 1586 1624 1656 jaoet

1051 1683 1144 1742 portus
1153 1690 1262 1742 magnus
1272 1672 1387 1743 urbsque
1397 1673 1548 1743 Tolophon.
1561 1676 1624 1727 Post

1052 1760 1235 1831 Tolophonem
1244 1762 1340 1813 fluvius
1347 1771 1387 1812 est
1398 1759 1532 1831 llylaethus
1543 1759 1643 1823 dictus;

1052 1847 1124 1899 hunc
1137 1846 1189 1899 hhi
1203 1848 1277 1899 aiunt
1287 1865 1319 1899 ex
1331 1846 1434 1899 AEtolia.

1051 1935 1120 1986 Tota
1130 1944 1216 1985 autern
1227 1934 1406 2003 praetervectio
1419 1931 1471 1985 diei
1484 1928 1522 1985 est
1536 1951 1591 1985 non
1601 1934 1705 2003 integri.

1053 2022 1131 2074 Locri
1140 2020 1259 2073 habitant
1270 2019 1303 2073 ad
1319 2019 1458 2073 meridiem

1051 2107 1162 2171 AEtoliae,
1175 2105 1238 2158 olim
1247 2104 1367 2177 appellati
1382 2106 1498 2175 Leleges.

1052 2197 1121 2248 Dein
1132 2194 1278 2248 Phocenses
1287 2204 1349 2247 sunt
1361 2196 1453 2247 Locris
1463 2196 1552 2261 vicini,

1051 2282 1121 2354 apud
1134 2300 1200 2353 quos
1213 2282 1324 2334 Crisaeus
1338 2300 1456 2352 campus.
1466 2287 1490 2336 Λ
1499 2284 1592 2336 Cirrha
1605 2294 1691 2336 autem
1702 2303 1806 2339 sursum

1051 2369 1169 2422 tendenti
1180 2367 1343 2439 Delphorum
1353 2367 1417 2419 urbs
1424 2371 1540 2423 occurrit
1548 2381 1575 2422 et
1586 2370 1686 2437 sanum,

1051 2458 1144 2527 inquo
1158 2454 1303 2518 oraculum,
1317 2463 1344 2507 et
1356 2456 1508 2519 Parnassus,
1522 2474 1631 2526 magnus

1050 2554 1077 2595 ct
1089 2542 1228 2595 umbrosus
1239 2558 1328 2606 mons;
1337 2538 1399 2592 dein
1410 2542 1585 2613 nympharum
1595 2545 1712 2613 sequitur

1050 2641 1156 2683 antrum
1171 2631 1329 2701 Corycium
1340 2630 1437 2684 deinde
1446 2630 1509 2683 urbs
1523 2632 1648 2703 Anticyra

1050 2719 1186 2789 amnisque
1194 2720 1321 2790 Cephisus
1333 2720 1418 2771 {luens
1426 2737 1441 2771 e
1450 2718 1575 2773 Phocide.

1050 2809 1232 2861 Praetervectio
1241 2806 1364 2860 Phocidis
1375 2806 1427 2859 diei
1438 2816 1539 2859 estnon
1554 2807 1657 2875 integri.

219 2979 263 3030 52.
278 2980 379 3032 Vocem
397 2978 504 3050 ἐχομένη
524 2998 578 3032 non
596 2997 672 3050 posse
686 2979 720 3032 ad
738 2980 820 3047 Ἰδάκη
842 2981 943 3045 referri,
960 2981 1006 3033 sed
1049 2980 1162 3049 ideoque
1176 2979 1227 3032 ἐστί
1239 2979 1358 3039 Πλειστός
1370 2977 1419 3047 legi
1432 2978 1515 3030 voluit
1524 2977 1685 3030 llolstenius.
1699 2983 1733 3031 At
1741 2979 1835 3031 Plistus

157 3099 159 3103 .
217 3057 336 3110 lacunam
345 3059 425 3110 unius
435 3059 714 3130 pluriumveversuum
725 3060 830 3113 subesse
839 3071 908 3112 recte
917 3071 1008 3113 monet
1047 3058 1081 3110 ah
1092 3061 1195 3111 oriente
1209 3057 1321 3122 labitur;
1341 3069 1429 3110 noster
1449 3076 1482 3110 ex
1502 3057 1596 3110 AEtolia
1614 3058 1695 3109 llucre
1715 3076 1836 3128 expresse

219 3137 329 3188 Gailius.
339 3136 445 3190 Excidit
457 3137 538 3208 ipsius
547 3137 719 3208 cephalleniae
728 3136 890 3208 aliarumque
899 3137 1009 3191 sortasse
1047 3136 1154 3190 dicitur.
1169 3139 1228 3190 Hoc
1245 3148 1333 3190 autem
1348 3155 1382 3190 ne
1395 3139 1422 3189 in
1436 3137 1546 3189 alterum
1566 3135 1674 3207 quidem
1688 3137 1781 3190 eadere
1798 3141 1836 3189 vi·

217 3214 360 3267 insularum
380 3217 491 3268 mentio.
514 3217 525 3286 Η
537 3246 573 3256 -
591 3216 634 3268 53.
645 3216 720 3286 πρδς
740 3215 871 3286 έσπέραν
882 3217 893 3287 ]
906 3217 964 3287 πρδς
976 3217 1007 3269 τδ
1047 3215 1135 3283 detur,
1154 3217 1200 3287 qui
1217 3217 1337 3286 quamvis
1350 3233 1366 3267 e
1379 3217 1556 3286 septentrione
1567 3214 1700 3279 decurrat,
1712 3216 1835 3270 AEtoliam

216 3313 291 3363 περαν
312 3295 388 3362 (sine
410 3313 465 3347 acc.
477 3297 488 3364 )
501 3294 599 3359 codex3
614 3313 667 3347 em.
689 3294 821 3348 Meinelte.
837 3296 904 3347 Dein
927 3295 1007 3349 altera
1047 3304 1136 3348 tamen
1146 3297 1274 3363 attingere
1288 3312 1341 3347 non
1352 3293 1465 3347 videtur.
1480 3294 1580 3346 Fontra
1592 3305 1664 3347 recte
1674 3295 1726 3346 hoc
1735 3293 1835 3346 dicere-

215 3383 254 3424 est
266 3372 358 3426 lacuna
377 3384 439 3444 post
455 3392 481 3426 r.
499 3371 627 3434 Αἰτωλίας.
642 3375 719 3426 Unus
731 3375 772 3426 vel
783 3373 838 3426 duo
850 3373 1006 3428 exciderunt
1047 3374 1134 3427 turdo
1145 3376 1262 3427 maximo
1280 3374 1401 3427 Locridis
1414 3374 1496 3426 lluvio
1507 3413 1516 3438 ,
1529 3375 1575 3444 qui
1595 3373 1683 3443 paullo
1695 3384 1754 3444 post
1764 3375 1835 3426 Nau-

215 3470 322 3517 vcrsus,
337 3470 452 3523 quorum
463 3470 514 3504 vox
525 3464 657 3523 postrema
669 3452 748 3505 suerit
762 3451 882 3515 ’Λλυζίαςς
895 3453 1007 3507 adhunc
1047 3461 1152 3522 paetum
1161 3451 1305 3521 egreditur,
1325 3451 1452 3520 cujusque
1465 3468 1562 3503 nomen
1574 3449 1680 3503 aliunde
1693 3468 1747 3502 non
1760 3452 1835 3502 nori-

215 3531 286 3581 enim
301 3530 412 3595 urbem,
424 3531 673 3596 monenteMarxio,
690 3530 828 3584 reserenda
846 3550 900 3584 esse
915 3531 1007 3586 viden·
1047 3548 1116 3584 mus.
1134 3531 1176 3585 Ad
1188 3532 1261 3584 hunc
1277 3531 1357 3599 igitur
1367 3529 1487 3599 Dionysii
1502 3527 1580 3582 verba
1592 3527 1682 3580 retulit
1695 3527 1781 3581 [ealle
1796 3531 1833 3593 II,

216 3617 260 3658 tur
280 3610 424 3676 sequentia,
440 3607 571 3677 siquidem
591 3609 685 3662 Strabo
707 3611 742 3661 X.
760 3628 787 3680 p.
806 3611 857 3679 459
874 3627 880 3662 :
898 3609 946 3662 ἀπδ
964 3615 1007 3678 τῆς
1046 3628 1074 3680 p.
1086 3615 1137 3679 619
1151 3621 1177 3663 et
1188 3611 1235 3681 qui
1246 3628 1309 3663 eum
1322 3620 1478 3680 sequuntur.
1490 3608 1616 3660 Fortassis
1634 3606 1834 3672 recte,sortasse

216 3687 337 3748 Λευκάδος
351 3686 435 3753 ἑξῆς...
464 3685 593 3748 Λλυζία...
610 3689 664 3740 καθ’
685 3689 715 3754 ἥν
740 3689 790 3742 ἔστι
806 3687 882 3760 λιμὴν
908 3687 1005 3760 Ἥρα·
1047 3706 1131 3742 secus.
1145 3691 1263 3759 ΙΙ-69,
1286 3686 1350 3740 οὐδ’
1372 3686 1447 3754 ὅλης
1467 3684 1545 3756 hu]
1563 3686 1637 3756 ἥμισυ
1660 3684 1751 3756 ἡμέρας
1769 3687 1832 3756 Scy-

217 3763 325 3825 κλέους
338 3765 401 3835 isphr
415 3766 456 3817 καί
469 3767 607 3836 τέμενος.
623 3766 737 3835 ΙΙ-55,
751 3767 1007 3840 ποταμὸνδήχώρς
1046 3767 1105 3833 lan,
1129 3769 1221 3837 quiin
1243 3769 1324 3821 artius
1344 3766 1409 3819 lines
1431 3764 1551 3820 Locridis
1572 3765 1716 3829 contrahit,
1730 3765 1835 3835 Naupa-

217 3841 270 3912 ἔχει
282 3843 364 3896 codex
375 3865 381 3909 ;
393 3862 445 3896 em.
455 3844 567 3898 Casaub.
581 3847 592 3914 ΙΙ
603 3875 640 3886 -
649 3847 692 3898 56.
704 3845 802 3917 ἡμερῶν
811 3849 871 3900 δέκα
880 3848 921 3900 καί
930 3848 1004 3914 cod.;
1047 3858 1120 3900 ctum
1130 3847 1231 3901 AEtoliae
1252 3847 1380 3900 tribuens.
1396 3846 1408 3915 ll
1422 3875 1458 3886 -
1478 3863 1521 3914 70.
1535 3847 1676 3896 κατοικοῦσι
1689 3842 1763 3908 cod„
1778 3862 1830 3899 cm.

214 3941 268 3976 em.
281 3926 360 3977 Voss.
372 3935 398 3977 et
411 3923 564 3978 Palmerius.
579 3927 710 3978 Enostris
722 3926 903 3980 emendandus
913 3929 1005 4000 Scylax
1046 3926 1159 3979 sasaub.
1185 3928 1307 3995 ll-71-
1332 3923 1482 3993 Λέλεγες]
1507 3921 1548 3975 Ci.
1572 3923 1682 3975 Aristot.
1710 3924 1750 3974 De
1772 3922 1829 3975 reb.

216 4003 287 4070 536,
305 4003 352 4056 uhi
372 4003 441 4056 vide.
461 4005 472 4072 ΙΙ
492 4033 529 4044 -
543 4003 585 4057 58.
609 4003 651 4057 καί
670 4004 736 4074 isphr
755 4005 855 4070 codex,
876 4008 960 4060 crasin
977 4017 1005 4060 et
1045 4005 1111 4075 pub.
1127 4005 1161 4057 lr.
1178 4004 1304 4076 119(Fr.
1322 4005 1390 4057 Hist.
1404 4005 1440 4066 ll,
1456 4021 1484 4073 p.
1505 4001 1553 4064 145
1564 4007 1575 4069 )
1588 4011 1615 4054 et
1628 4002 1756 4072 scymnus
1771 4000 1832 4069 590.

216 4083 243 4134 h.
262 4083 279 4136 l.
293 4093 356 4135 etv.
373 4087 417 4152 74,
431 4102 476 4152 97,
494 4100 544 4138 120
555 4085 668 4137 restituit
677 4083 808 4138 Meinelte.
824 4088 864 4138 De
875 4087 1002 4141 Minervae
1046 4083 1153 4137 Boeclth.
1164 4082 1197 4136 ad
1209 4083 1318 4136 Pindar.
1333 4081 1377 4136 01.
1389 4083 1439 4145 IX,
1451 4086 1482 4133 61
1495 4098 1523 4151 p.
1537 4096 1597 4148 191.
1612 4081 1623 4148 ΙΙ
1635 4111 1672 4166 -ι-
1681 4096 1725 4149 7²·
1736 4079 1833 4142 Φωκεῖς

215 4162 266 4215 hoc
278 4161 340 4216 lano
359 4163 466 4215 aliunde
483 4181 538 4216 non
551 4174 661 4216 constat.
681 4165 692 4234 ll
711 4195 746 4206 -··
760 4170 803 4219 60.
822 4164 878 4218 εἷτα
892 4167 959 4234 κίδης
974 4169 1003 4220 αἵ
1047 4163 1157 4234 ἔκλυγῶν
1167 4163 1298 4232 φερόμενοι
1307 4161 1405 4227 codex;
1425 4159 1452 4213 ἐκ
1462 4159 1576 4224 Λελέγων
1588 4175 1660 4228 couy.
1672 4157 1830 4228 Stephanus,

215 4259 241 4293 τε
258 4241 386 4312 Λίγενάδες
399 4240 482 4294 codex
492 4261 499 4306 ς
510 4260 562 4295 em.
579 4244 722 4296 letronne.
740 4244 751 4312 ΙΙ
767 4273 803 4285 -—
818 4251 861 4298 61.
875 4245 897 4296 δ’
910 4245 1003 4312 Εὖηνδς
1047 4241 1074 4294 ἔκ
1085 4242 1179 4305 λογίων
1191 4242 1246 4311 πρὶν
1261 4242 1406 4311 φερόμενοι,
1430 4263 1441 4284 ι
1454 4237 1524 4307 jadis
1537 4239 1643 4290 amends
1659 4255 1693 4290 en
1704 4255 1746 4288 ces
1762 4236 1831 4292 lieux

215 4319 287 4385 cod.;
308 4340 360 4374 em.
380 4323 522 4375 Letronne.
539 4321 549 4390 ΙΙ
564 4326 653 4374 -62.
672 4321 792 4376 Δαλοπῶν
810 4323 871 4377 cod.
888 4325 999 4393 11-65.
1045 4319 1330 4392 parl’ordred'oracle.
1343 4344 1355 4365 ι
1369 4317 1538 4372 letronnius.
1551 4314 1659 4369 Adhacc
1667 4313 1830 4367 Meiueltius:

215 4396 407 4460 αύπακτοςοοεί.
425 4399 483 4468 ll—
497 4404 540 4452 66.
557 4399 582 4452 δὲ
604 4400 722 4470 Κολορῶν
745 4411 771 4453 et
784 4420 846 4454 mox
865 4403 1002 4474 Κολοφῶνα
1050 4424 1061 4444 ⁸
1074 4400 1113 4452 Nc
1129 4398 1156 4451 id
1167 4398 1276 4469 quidem
1300 4397 1476 4467 grammaticae
1493 4405 1716 4458 consentaneum
1734 4411 1783 4445 nec
1799 4393 1833 4444 de

215 4474 287 4540 cod.;
298 4493 349 4528 em.
365 4476 509 4530 Palmerius
517 4495 550 4530 ex
560 4477 683 4548 Thucyd.
694 4481 743 4542 111,
757 4496 816 4544 101,
828 4481 843 4532 3
855 4482 865 4548 (
875 4481 946 4534 unde
954 4499 1000 4534 sua
1046 4476 1090 4530 illo
1099 4478 1197 4530 oraculi
1206 4477 1281 4547 jussu
1291 4475 1435 4547 quidquam
1446 4475 1480 4528 ah
1489 4474 1546 4527 aliis
1556 4473 1683 4527 traditum
1692 4483 1739 4525 est.
1748 4474 1833 4542 Prope

215 4553 361 4624 Stephanus
375 4573 401 4608 ν.
416 4556 535 4626 Τολυρών
545 4559 566 4625 ),
582 4557 629 4608 uhi
644 4573 649 4608 :
670 4556 800 4622 Χαλαίους,
820 4559 999 4630 Τυλορωνίους,
1045 4574 1062 4610 ι
1075 4575 1137 4609 vero
1155 4556 1240 4609 abluit
1259 4555 1408 4620 Krehsius,
1422 4555 1469 4625 qui
1483 4553 1595 4624 conjecit
1608 4553 1706 4612 Φωκεῖς
1723 4549 1770 4603 εἰσὶ
1786 4553 1832 4603 Λε-

219 4629 342 4697 Ἠσσίους,
357 4632 482 4695 Οἰανδέας.
502 4637 576 4688 Ηίου
586 4634 758 4706 probabiliter
768 4647 881 4690 statuere
895 4638 954 4692 licet
967 4637 1001 4692 de
1045 4635 1126 4706 λέγων
1148 4635 1282 4707 ἔχομενυε,
1298 4636 1326 4687 in
1347 4652 1401 4705 quo
1415 4632 1462 4686 elei
1476 4643 1503 4686 et
1522 4632 1641 4703 ἐχόμενοι
1656 4631 1830 4684 verissimum.

215 4710 266 4762 situ
280 4711 363 4776 urhis,
378 4731 458 4782 quam
476 4715 503 4767 in
517 4715 601 4768 ruinis
619 4733 703 4787 prope
722 4715 787 4768 hod.
804 4716 902 4770 It'isseli
920 4735 1001 4788 agno-
1046 4717 1082 4768 Λε
1096 4715 1201 4785 leleges
1214 4716 1375 4786 ineptissime
1386 4714 1431 4767 hic
1447 4723 1637 4774 memorantur,
1655 4728 1704 4762 nec
1721 4707 1832 4762 dubium

215 4799 293 4842 scunt
305 4791 419 4844 Krusius
433 4791 554 4863 (Hellas,
569 4795 606 4858 11,
620 4796 657 4863 a)
671 4805 697 4847 et
711 4793 823 4848 tentius
839 4795 935 4848 North.
950 4801 998 4849 Gr.
1045 4805 1084 4848 est
1098 4796 1162 4864 quin
1175 4796 1318 4865 Dionysius
1335 4795 1470 4865 scripserit
1483 4793 1582 4853 Φωκεῖς
1599 4789 1647 4844 εἰσί
1663 4793 1763 4858 Λοκρῶν
1778 4787 1834 4857 ἑχό-

215 4871 251 4932 ll,
265 4887 292 4940 p.
304 4875 367 4924 620.
387 4871 398 4940 ΙΙ
420 4901 456 4912 -
472 4876 515 4942 67.
533 4871 674 4934 ὲσδυλαίἰίυς
687 4872 781 4926 codex.
801 4874 935 4945 Hylaethus
949 4876 1000 4928 llu·
1046 4893 1125 4944 μενοι.
1150 4896 1162 4923 ν
1187 4875 1199 4943 ΙΙ
1218 4905 1256 4914 -
1276 4878 1320 4943 74.
1346 4874 1512 4945 προαδάντε...
1536 4872 1579 4925 καὶ
1595 4869 1661 4941 ἱερὸν
1681 4866 1754 4932 cod.;
1778 4887 1830 4920 em.

217 4949 273 5000 vius
283 4949 344 5002 alibi
363 4967 417 5002 non
430 4961 600 5006 memoratur.
612 4952 714 5020 Quodsi
729 4963 785 5006 erat
796 4964 856 5025 post
868 4954 1001 5025 Tolopho'·
1044 4952 1174 5006 Meinelte.
1191 4955 1202 5024 ll
1216 4983 1253 4994 -
1264 4954 1308 5023 75.
1319 4954 1394 5025 μέγας
1406 4952 1467 5006 cod.
1487 4954 1498 5023 ΙΙ
1510 4982 1546 4993 -
1559 4955 1604 5021 76.
1624 4952 1666 5003 Λεε
1683 4952 1786 5017 νυμφῶν
1794 4946 1833 4999 λε-

216 5043 287 5091 nem,
308 5045 455 5100 anonymus
471 5029 514 5083 ille
525 5049 580 5084 csse
596 5030 684 5094 dehet,
702 5033 789 5103 quiin
803 5033 866 5103 ipsis
880 5033 1000 5086 Locridis
1044 5033 1168 5102 γόμενονί
1186 5054 1196 5082 ν
1212 5032 1338 5086 Meinele.
1357 5036 1368 5102 ll
1380 5051 1469 5103 -77.
1492 5028 1676 5098 εἰτέναντικύρᾳ
1693 5025 1754 5078 cod.
1773 5027 1783 5094 ΙΙ
1797 5055 1833 5066 -

217 5104 391 5178 Phocidisque
402 5108 523 5162 confiniis
535 5111 562 5162 in
575 5129 646 5164 mare
657 5113 720 5175 exit,
733 5129 864 5181 quemque
880 5113 1000 5181 proxime
1044 5115 1088 5180 78.
1105 5112 1302 5182 κηρεισδςόρέων
1319 5112 1369 5166 cod
1384 5130 1456 5179 ;e1n.
1472 5111 1547 5164 editt.
1566 5112 1577 5179 ΙΙ
1589 5138 1625 5149 -—
1639 5126 1683 5176 79.
1700 5129 1711 5151 ι
1726 5109 1768 5159 An
1780 5103 1831 5156 οὐδ’

216 5184 313 5252 excipit
330 5186 424 5240 Plistus
439 5188 513 5250 lluv.;
529 5189 600 5242 hunc
614 5192 783 5261 posteriorem
799 5190 826 5242 lr.
849 5190 866 5242 l.
889 5190 999 5244 indicari
1045 5190 1124 5256 hiae?
1142 5201 1171 5243 ut
1184 5209 1208 5244 ν.
1223 5196 1267 5260 69.
1287 5214 1298 5241 ν
1316 5190 1397 5245 Mein.
1413 5193 1423 5260 ll
1439 5221 1475 5232 —
1495 5192 1538 5244 80.
1560 5188 1713 5256 Κυπάρισσον
1731 5182 1830 5249 codex,
