3950 5925
217 455 274 506 stt
942 434 1103 495 AlllilANl

223 600 280 638 σου·
295 575 396 636 στάδιοι
407 576 431 633 oi
447 572 542 639 πάντες
556 570 737 646 ίὸδομήιιοντα
749 574 795 628 τοῦ
807 570 938 627 διέκπλου·
956 568 1003 626 eal
1047 592 1103 626 esse
1119 570 1228 625 eliossus
1246 572 1394 637 videretur3
1407 572 1569 643 septuaginta
1582 572 1609 625 in
1620 573 1785 625 universum
1799 580 1854 623 sta-

222 663 267 723 tal
277 686 306 722 're
317 667 362 721 soii
378 661 499 740 αἰγιαλοῦ
516 658 621 736 δένδρεα
638 649 670 729 ἤν
682 656 768 715 πολλὰ
782 655 827 714 καί
842 654 939 730 δασέα,
958 654 1004 713 καί
1048 658 1155 712 diorum
1171 674 1202 711 ea
1213 659 1342 727 navigatio
1361 656 1455 712 iuerat.
1469 657 1560 711 Multae
1571 668 1646 711 erant
1657 656 1813 727 demaequc
1826 660 1854 707 in

218 754 327 822 ἡνῆσος
348 746 398 826 ὕλῃ
418 743 530 823 παντοίῃ
552 742 667 811 σιἰσιιιος.
711 743 745 822 (a)
766 741 837 802 Ὑπὸ
853 740 881 800 δὲ
901 739 949 812 τὴν
967 738 1003 799 ἕω
1049 744 1135 798 littore
1153 743 1276 809 arbores,
1297 742 1436 813 insulaque
1451 744 1506 815 ipsa
1521 743 1600 796 variis
1616 742 1686 795 silvis
1701 741 1852 795 umbrosa.

220 837 321 897 ἔπλωον
343 833 392 903 ἔξω
406 836 452 903 τῆς
465 829 545 902 vireu
566 831 634 890 κατὰ
649 829 746 911 ῥηχίην
763 828 875 902 στεινήν·
890 827 930 887 ἔτι
950 829 1002 909 γὰρ
1049 830 1089 901 (8)
1101 830 1156 883 Sub
1167 830 1253 883 lucem
1264 846 1311 900 per
1325 839 1466 898 angustum
1478 840 1506 882 et
1514 840 1656 882 aestuosum
1669 828 1760 881 locum
1769 838 1854 880 extre

195 938 206 976 t
221 922 352 989 ἀνάπωτις
360 920 476 998 surrigi.
519 917 679 985 illituum<
685 916 748 985 ili<
759 916 852 975 ἑκατὸν
864 916 911 975 καί
918 915 1002 975 εἴκοσι
1047 916 1159 969 insulam
1174 916 1347 985 navigarunt3
1360 913 1449 967 adltuc
1462 916 1533 967 enim
1543 932 1660 967 recessus
1673 917 1758 967 maris
1773 913 1854 965 obti-

220 1009 341 1076 σταδίους
351 1006 502 1087 ὁρμίζονται
514 1007 542 1064 ἐν
553 1008 591 1086 τῷ
607 1004 720 1080 στόματι
733 1010 778 1063 τοῦ
791 1003 910 1083 ἰίριίὸιος
920 1026 1003 1062 ποτα·
1047 1002 1128 1055 nebat
1146 1018 1152 1053 ι
1172 1002 1375 1071 continuataque
1387 1000 1552 1069 navigatione
1570 999 1603 1053 ad
1617 1010 1728 1053 eentum
1747 1000 1851 1068 viginti
1961 1046 1962 1049 ,

221 1103 280 1175 pou·
296 1096 341 1155 καί,
361 1093 442 1172 λιμὴν
465 1091 549 1171 μέγας
564 1092 610 1150 καί
631 1092 711 1158 καλὸς
733 1091 798 1171 πρὸς
818 1094 858 1172 τῷ
880 1090 1001 1166 arduam
1046 1088 1143 1153 stadia,
1159 1087 1336 1159 apudosliunr
1348 1088 1443 1141 Arabis
1456 1090 1852 1157 amnisconstiterunt,etpor·

219 1183 289 1263 ὕδωρ
302 1182 330 1241 δὲ
346 1184 393 1240 οὐκ
406 1174 439 1252 ἦν
453 1181 572 1255 πότιμον·
591 1184 636 1239 τοῦ
652 1178 704 1258 γὰρ
721 1177 841 1256 Ἀροίὸιος
853 1179 880 1236 αἱ
893 1176 1001 1236 indolui
1047 1187 1105 1229 tum
1122 1175 1229 1246 quidem
1248 1176 1286 1228 ibi
1304 1175 1422 1246 amplum
1442 1184 1468 1227 et
1483 1173 1655 1227 commodum
1672 1176 1744 1227 nacti
1763 1184 1850 1239 sunt,

223 1300 425 1313 fi--nnpu—-uo-—n
432 1300 528 1309 ‘ur-.-
534 1301 551 1309 ιι
563 1298 944 1309 -m—--o--a-u-uon-n-
1087 1299 1095 1305 ι
1102 1298 1367 1307 -ι--η-ᾲ--μμ

219 1359 348 1425 Superato
357 1354 428 1405 enirn
444 1351 512 1402 freto
522 1368 570 1419 per
585 1365 635 1402 tao
643 1348 731 1400 adbuc
737 1347 821 1400 stadia
831 1346 1008 1415 navigandum
1053 1356 1108 1399 tere
1119 1347 1161 1398 νὶιι
1174 1346 1244 1410 licet,
1258 1362 1340 1416 quum
1353 1345 1397 1398 hic
1410 1362 1478 1397 unus
1494 1344 1560 1398 soret
1575 1354 1684 1407 tractus,
1698 1344 1775 1415 eujus
1784 1346 1850 1397 lon·

220 1444 286 1496 emt,
296 1428 531 1484 donecadostium
543 1427 637 1481 Arabis
648 1427 721 1479 lluvii
734 1427 946 1497 pervenirent(§
960 1426 1007 1497 8),
1039 1425 1199 1501 'gitudinem
1219 1434 1289 1477 reete
1308 1423 1443 1477 Nearchus
1467 1424 1658 1488 constituissem
1682 1426 1709 1476 in
1735 1423 1851 1493 reliquis

223 1500 1008 1577 etiluviusipseparumbabebataquae(Anab.VI,as‚8).
1053 1506 1125 1557 enim
1138 1504 1273 1557 distantias
1283 1503 1361 1556 babet
1377 1502 1453 1571 jtutir
1468 1502 1544 1571 longe
1554 1502 1681 1572 majorem
1701 1504 1741 1555 sic
1754 1505 1849 1556 Orita-
1961 1532 1962 1565 ι

223 1585 311 1638 Insula
319 1586 408 1654 ignota
413 1593 469 1648 est3
481 1583 550 1636 fossa
557 1581 862 1651 sortenuncrepletaest.
873 1602 883 1629 ι
894 1581 1011 1633 Senum·
1054 1600 1114 1635 rum
1124 1601 1170 1637 ora
1180 1600 1259 1654 quarn
1269 1586 1338 1636 1600
1346 1580 1491 1635 stadiorum
1499 1581 1572 1645 dicit,
1581 1582 1686 1635 nonnisi
1697 1582 1846 1635 noostad.

222 1681 287 1716 nan.
311 1664 323 1733 ΙΙ
347 1692 384 1704 -
398 1666 425 1715 6·
450 1660 590 1733 Ἀράδιοι
611 1660 777 1730 ποταμοῦ]
800 1661 840 1711 De
860 1659 967 1712 nomine
983 1676 1009 1711 v.
1055 1672 1110 1726 σου
1125 1661 1328 1733 Ichthyophagis
1344 1671 1432 1714 autem
1451 1659 1513 1713 litua
1527 1660 1620 1713 inbuit
1638 1678 1724 1714 roooo
1743 1659 1848 1713 sudio-

224 1753 272 1795 not
285 1741 319 1795 ad
332 1760 356 1794 c.
371 1758 416 1806 ao,
429 1740 447 1793 l.
463 1745 507 1804 40.
524 1740 631 1793 Fluvios
643 1750 683 1792 est
698 1737 764 1791 hod.
780 1737 914 1806 Pournllr.
932 1758 943 1785 ι
958 1739 1010 1790 Ae·
1054 1757 1125 1805 rum,
1137 1758 1219 1811 quum
1231 1741 1275 1793 vix
1293 1740 1362 1795 5000
1379 1738 1491 1793 dicenda
1502 1738 1620 1792 luissent.
1634 1742 1725 1807 Quare
1737 1739 1782 1793 atii
1799 1758 1849 1810 pe·

224 1819 335 1891 cording
347 1831 376 1873 to
387 1819 525 1873 D'Anville
536 1818 588 1871 and
602 1817 636 1872 de
648 1819 673 1871 la
686 1818 813 1870 Roohette
825 1815 905 1869 itatill
914 1817 1011 1868 retains
1055 1817 1152 1870 culiare
1166 1817 1311 1871 stadiorum
1326 1819 1448 1888 genesin
1465 1836 1542 1872 usum
1560 1816 1639 1887 hujus
1653 1818 1754 1890 parapli
1766 1836 1848 1871 exco-

225 1900 270 1971 the
279 1898 393 1953 nameoi
401 1899 500 1962 Amba,
509 1898 574 1953 with
581 1898 626 1950 the
637 1894 782 1950 additional
789 1894 946 1966 appellation
953 1892 986 1946 of
992 1892 1014 1946 il
1055 1896 1180 1964 gitarunt,
1190 1896 1232 1948 alii
1242 1907 1311 1949 recte
1320 1906 1481 1949 monuerunt
1493 1898 1664 1965 navigationis
1675 1896 1849 1951 difficultates

225 1976 656 2049 MendTbeirsutboritylknow
665 1975 934 2043 not.»Vrncsnr.p.
948 1972 1009 2026 205.
1055 1982 1082 2024 et
1095 1970 1282 2043 impedimenta
1296 1974 1324 2027 in
1339 1992 1416 2027 causa
1432 1972 1510 2027 fuisse
1530 1984 1560 2027 ut
1581 1974 1713 2028 distantiae
1725 1976 1847 2029 locorum
1961 2032 1962 2041 ,

225 2057 288 2109 Exit
303 2056 400 2109 llurius
410 2058 439 2108 in
455 2057 534 2109 maris
547 2071 689 2119 recessum,
703 2054 747 2107 cui
757 2051 858 2124 adjacet
873 2057 1014 2121 Somnenny
1056 2050 1139 2104 multo
1151 2050 1262 2121 majores
1282 2070 1361 2123 quarn
1378 2064 1453 2106 erant
1464 2072 1520 2106 esse
1535 2052 1698 2107 viderentur.
1711 2056 1848 2109 Hactenus

226 2134 308 2199 loeus,
325 2151 404 2204 quem
421 2134 605 2206 Kempthorne
618 2133 637 2187 l.
657 2134 676 2186 l.
690 2150 719 2204 p.
740 2136 791 2195 064
808 2150 857 2203 pro
869 2131 1012 2185 Alexandri
1056 2128 1090 2181 de
1100 2130 1230 2183 Nearcho.
1249 2129 1328 2201 Apud
1341 2130 1509 2183 Ptolemaeum
1522 2131 1637 2185 Arabitae
1647 2132 1731 2185 multo
1742 2133 1848 2203 longius

155 2238 158 2242 v
225 2221 305 2283 portu
319 2211 414 2277 hahet3
430 2212 483 2265 boc
499 2211 608 2283 quidem
628 2213 734 2283 inepte;
747 2220 863 2263 ceterum
877 2210 913 2262 ita
926 2210 1013 2262 locum
1056 2209 1197 2277 pertinent,
1221 2226 1336 2279 eumque
1351 2219 1465 2262 tractum
1486 2210 1619 2275 obtinent,
1648 2228 1728 2282 quern
1749 2213 1849 2266 Noster

225 2289 369 2343 describit:
385 2314 397 2336 ο
417 2291 567 2361 Senmeany
580 2292 631 2343 isa
644 2289 718 2342 small
731 2299 802 2341 town
816 2286 1013 2357 orfisbingvil·
1058 2286 1172 2340 Arabitis
1191 2297 1218 2340 et
1237 2288 1320 2341 Oritis
1338 2288 1440 2341 tribuit.
1463 2290 1551 2342 Oritas
1568 2290 1723 2343 Ptolemaeum
1735 2294 1848 2345 omnino

225 2367 292 2437 lage,
306 2366 418 2421 situated
435 2378 463 2421 at
478 2368 629 2422 themoutb
642 2367 675 2422 ol
687 2366 887 2420 aereelswhieh
900 2384 965 2419 runs
976 2384 1014 2437 up
1058 2382 1112 2418 non
1135 2378 1273 2420 memorat.
1292 2368 1448 2421 Terminum
1473 2368 1641 2421 Arabitarum
1661 2370 1717 2439 ipse
1736 2388 1848 2441 quoque

226 2464 300 2499 some
312 2445 430 2500 dutance
439 2446 539 2501 inland.
553 2450 577 2501 lt
590 2449 612 2500 is
625 2445 758 2517 governed
771 2444 829 2517 hya
842 2444 948 2509 sheilsb3
960 2444 1014 2498 and
1058 2445 1133 2515 ponit
1147 2445 1246 2499 Arabio
1261 2446 1389 2511 llnvium,
1411 2464 1444 2499 eo
1460 2456 1549 2499 autem
1566 2448 1675 2501 nomine
1688 2448 1801 2502 flurium
1814 2452 1848 2502 si·

227 2525 273 2580 the
284 2525 444 2581 inhabitants
454 2544 552 2598 appear
561 2536 589 2579 to
601 2526 635 2579 be
652 2544 713 2595 very
724 2542 801 2596 poor,
819 2523 913 2595 chiefly
930 2524 1015 2578 subsi-
1058 2532 1121 2591 gnat
1137 2525 1182 2594 qui
1194 2522 1273 2577 hodie
1292 2534 1401 2577 vocatur
1412 2527 1525 2577 A'nrrnut
1543 2542 1565 2577 s.
1580 2529 1677 2580 llumrn
1688 2545 1710 2581 s.
1726 2528 1846 2593 Kalonri,

227 2607 297 2675 sting
309 2624 344 2658 on
360 2604 437 2658 dried
448 2604 497 2658 lish
508 2603 561 2659 and
572 2605 626 2657 rioe
642 2602 703 2673 [Cf.
716 2604 817 2656 Plinius
827 2604 890 2667 VH,
903 2620 920 2655 s
932 2620 939 2655 ι
956 2604 1015 2657 Ori·
1058 2598 1092 2652 ad
1104 2618 1183 2671 quem
1201 2602 1305 2655 Calama
1323 2602 1435 2656 Nearchi
1453 2600 1576 2675 ponenda
1588 2613 1658 2657 suut.
1680 2606 1760 2659 llune
1772 2609 1846 2660 enim

229 2695 273 2735 ναν
290 2683 325 2735 ab
343 2682 421 2736 Indis
443 2682 527 2736 Arbis
537 2682 642 2752 fluuius
662 2680 838 2735 disterminat.
859 2681 899 2734 Hi
916 2683 1015 2736 nullum
1059 2678 1170 2734 flurium
1193 2680 1389 2751 intelligendum
1408 2700 1464 2735 esse
1482 2681 1544 2734 inde
1555 2693 1634 2752 patet,
1649 2684 1721 2753 quod
1739 2683 1847 2739 'aleidis

180 2772 184 2779 ’
228 2761 406 2814 nlirrmeibum
417 2779 508 2814 nouere
516 2779 595 2832 quom
600 2760 728 2834 piscium,
740 2778 805 2833 quos
817 2759 947 2829 unguibus
957 2762 1016 2815 dis·
1060 2764 1134 2827 νῆσος
1148 2762 1229 2815 Arabi
1249 2760 1351 2833 objecta
1363 2772 1452 2833 aperte
1474 2772 1513 2814 est
1530 2760 1594 2815 bod.
1608 2764 1704 2815 Aetola
1726 2765 1812 2819 insula
1834 2787 1849 2819 c

230 2852 314 2892 sector
326 2838 380 2892 sole
400 2849 517 2892 torreant
537 2851 617 2911 atque
630 2839 671 2892 itn
682 2856 824 2911 penemeos
838 2839 881 2892 dis
894 2838 1014 2909 sacient,
1060 2840 1167 2908 regione
1180 2844 1294 2893 Kurmut
1307 2841 1391 2894 fluvii.
1411 2842 1471 2894 lluc
1484 2839 1593 2906 accedit,
1613 2841 1686 2911 quod
1695 2844 1766 2913 apud
1777 2847 1847 2899 Ptol.

231 2929 262 2970 ut
272 2916 351 2987 refert
361 2917 517 2972 Clitarchus.
529 2920 575 2990 ]...
588 2923 680 2990 Arery
691 2918 824 2972 extensive
834 2917 882 2972 bar
894 2936 927 2972 or
936 2919 1016 2973 sand-
1060 2919 1182 2991 proxime
1193 2929 1253 2991 post
1266 2919 1365 2974 Arebin
1380 2920 1490 2974 fluvium
1501 2920 1619 2990 sequitur
1630 2922 1754 2976 Mosarna
1763 2924 1846 2990 locus,

230 2995 302 3049 banis
314 3013 472 3050 nausacross
484 2997 529 3050 the
541 2997 634 3050 mouth
645 2997 677 3051 oi
683 2997 735 3050 this
746 2996 819 3062 inlet,
827 2996 881 3050 and
890 3015 961 3051 none
970 3000 1018 3054 but
1061 2998 1128 3050 sicut
1142 2995 1211 3051 idem
1225 2999 1297 3052 locus
1310 3009 1370 3072 post
1383 2999 1488 3052 Galam
1507 3009 1669 3052 memoratur
1680 3001 1752 3071 apud
1766 3004 1847 3056 Near-

231 3075 323 3128 vcssels
336 3075 369 3129 oi
378 3076 452 3129 small
465 3076 580 3130 burthen
593 3095 642 3130 can
657 3086 701 3146 get
718 3094 782 3129 over
792 3077 823 3142 it,
837 3088 940 3131 evenat
954 3078 1017 3149 high
1061 3076 1151 3130 cbum.
1165 3077 1208 3132 Ad
1215 3079 1324 3132 fluvium
1331 3078 1488 3132 Ptolemaeus
1496 3077 1575 3130 babet
1586 3077 1669 3131 Arbin
1678 3080 1783 3146 urbem,
1794 3101 1847 3136 non
1961 3119 1962 3156 ;

230 3164 325 3218 water;
336 3154 384 3207 but
394 3153 480 3208 incide
489 3155 534 3208 the
540 3165 621 3208 water
630 3156 652 3207 is
660 3153 738 3226 deep,
751 3154 804 3208 and
817 3156 922 3209 avessel
931 3156 963 3210 oi
967 3176 1018 3212 one
1062 3157 1098 3208 ita
1115 3156 1192 3227 longe
1205 3157 1238 3210 ab
1254 3174 1302 3211 ora
1319 3157 1452 3209 maritima
1466 3167 1603 3209 remotam.
1624 3157 1669 3210 Sin
1687 3176 1790 3228 quaeras
1801 3167 1846 3232 qui

230 3251 263 3285 or
271 3243 325 3286 two
337 3232 460 3287 hundred
472 3245 533 3287 tons
543 3233 620 3288 could
633 3233 667 3287 lie
678 3233 743 3287 hese
753 3234 818 3287 with
830 3235 930 3307 perfect
944 3254 1019 3290 secu·
1062 3233 1159 3289 sactum
1179 3237 1221 3301 sit,
1237 3246 1268 3289 ut
1281 3237 1374 3289 Arabis
1397 3234 1425 3288 ss.
1443 3236 1480 3287 sic
1500 3245 1728 3306 transponeretur,
1749 3238 1847 3304 seretti,

201 3335 206 3340 ·
230 3311 293 3382 my,
313 3311 442 3366 sheltcred
456 3312 525 3366 from
538 3312 572 3366 all
591 3312 686 3366 winda.
705 3333 716 3362 ι
732 3312 790 3366 Alia
802 3312 836 3366 de
853 3315 933 3368 Arabi
945 3315 1020 3371 dabit
1062 3325 1145 3386 puto,
1166 3314 1335 3368 Ptolemaeum
1350 3313 1390 3367 vel
1403 3315 1490 3387 potius
1501 3313 1556 3384 ejus
1570 3325 1689 3368 auctores
1710 3321 1848 3374 nominum

230 3392 374 3460 Pettinger.
391 3392 508 3446 Travels.
528 3409 557 3464 p.
572 3394 616 3446 at.
628 3407 691 3460 299,
702 3391 830 3463 quolibro
840 3393 878 3445 uti
887 3393 952 3446 mihi
963 3412 1018 3448 non
1063 3391 1152 3464 Κάρὸις
1164 3404 1191 3447 et
1204 3395 1281 3465 Ἀρὸις
1303 3393 1457 3446 similitudo.
1475 3395 1543 3447 Nam
1563 3393 1723 3447 hodiernum
1736 3399 1849 3448 Kurmrrt

231 3469 315 3523 licuit.
327 3471 398 3522 Num
412 3470 505 3542 aliquis
513 3471 741 3542 peregrinatorum
752 3471 879 3525 excelsam
891 3473 1017 3541 insulam,
1063 3469 1135 3542 apud
1145 3472 1252 3525 Graecos
1269 3471 1332 3525 olim
1349 3472 1439 3543 tttptn
1449 3473 1503 3524 sive
1517 3473 1610 3544 Κάρμιν
1625 3471 1726 3526 dietum
1738 3491 1804 3538 esse,
1818 3493 1848 3526 er

232 3548 309 3617 cujus
333 3550 462 3602 Arrianm
475 3551 609 3614 meminit,
630 3551 831 3615 memoraverit,
853 3567 952 3620 quero.
979 3555 1020 3606 De
1063 3567 1096 3602 eo
1107 3550 1247 3622 colligitur,
1267 3552 1340 3622 quod
1359 3550 1521 3622 adjacentem
1535 3553 1669 3620 regionem
1682 3551 1775 3622 Κάρὸιν
1788 3553 1850 3606 dicit

232 3645 307 3697 nquae
319 3627 441 3698 potabilis
452 3629 563 3698 penuria
573 3631 710 3682 Potterum
723 3637 815 3680 testem
833 3627 942 3683 adducit
954 3633 1021 3685 Vin·
1063 3627 1208 3695 Nearchus,
1223 3641 1250 3683 et
1263 3628 1365 3700 objecta
1384 3628 1469 3682 insula
1482 3631 1543 3682 item
1562 3629 1669 3699 tapetia
1684 3631 1724 3682 vel
1739 3631 1848 3702 llapplsn

233 3715 358 3775 centrisp.
371 3709 438 3760 206:
453 3731 464 3751 ι
474 3707 632 3760 Lieutenant
641 3709 731 3760 Potter
739 3722 813 3777 says:
827 3731 837 3752 υ
852 3709 936 3778 Every
945 3709 1021 3782 thing
1064 3719 1182 3762 vocatur.
1206 3709 1267 3762 lluc
1279 3709 1379 3763 accedit
1390 3707 1465 3781 quod
1482 3708 1581 3762 Arbitio
1594 3719 1620 3761 et
1641 3710 1723 3762 Oritoe
1736 3709 1811 3764 facile
1824 3714 1849 3764 in

233 3783 256 3833 is
268 3799 366 3846 source,
384 3801 449 3836 eren
463 3795 555 3850 water,
568 3785 656 3838 which
670 3787 692 3837 is
704 3783 835 3856 procuted
845 3785 880 3856 by
891 3785 1021 3859 digginga
1064 3805 1144 3840 unum
1155 3799 1259 3859 gentem
1269 3789 1376 3841 conilari
1387 3797 1493 3859 possent
1505 3787 1540 3840 ob
1552 3789 1690 3840 nominum
1703 3787 1818 3860 Ὀρίῖται
1826 3804 1849 3842 ει

233 3860 294 3915 bole
306 3861 357 3915 lire
366 3879 398 3915 or
408 3863 449 3916 six
462 3861 514 3916 ieet
524 3863 602 3936 deep,
617 3863 669 3918 and
678 3881 707 3916 as
718 3881 797 3935 many
813 3865 840 3915 in
854 3863 982 3919 diameter
993 3869 1021 3921 in
1068 3865 1172 3938 Ἆρὸῗται
1185 3866 1401 3933 similitudinem
1416 3885 1477 3919 nam
1486 3883 1535 3936 pro
1548 3864 1657 3937 Ὠρεῖται
1667 3867 1710 3920 alii
1728 3867 1849 3924 dioebnnt

234 3939 332 4012 aplace
342 3940 429 3995 which
438 3959 492 3995 was
504 3941 629 4015 formerly
638 3961 654 3995 a
662 3960 778 4014 swamp;
791 3941 844 3995 and
855 3942 928 3996 iitbe
940 3956 1021 3999 water
1068 3943 1190 4016 ’Opbirnu
1203 3947 1272 3999 sicut
1281 3948 1359 3999 etiarn
1371 3945 1450 3999 hodie
1461 3963 1491 3996 ea
1503 3947 1575 4014 regio
1587 3956 1694 4010 tumtur
1709 3949 1792 4000 Urbrt.
1803 3951 1848 4002 Su-

233 4037 320 4084 001οι,
341 4019 429 4074 which
442 4022 463 4074 it
475 4023 626 4074 sometimes
639 4019 703 4074 does
723 4031 781 4085 not,
803 4022 825 4073 it
845 4039 930 4074 serves
949 4022 1021 4076 them
1064 4036 1151 4096 perest
1162 4035 1192 4078 ut
1212 4025 1245 4077 de
1267 4025 1352 4079 Plinio
1375 4042 1539 4078 moneamus.
1562 4026 1587 4076 Is
1608 4025 1686 4092 igitur
1706 4026 1846 4080 Arbiorum

233 4098 290 4152 that
308 4096 369 4171 day,
384 4098 438 4153 and
451 4099 564 4172 perhaps
582 4101 627 4153 the
643 4110 720 4165 next,
736 4100 814 4153 when
828 4101 849 4153 it
862 4110 938 4154 turns
949 4103 1022 4172 quite
1065 4113 1168 4172 gentem
1179 4103 1244 4158 Arbi
1253 4105 1333 4158 lluvio
1342 4103 1375 4157 ab
1386 4105 1468 4157 Oritis
1479 4101 1654 4154 disterminari
1664 4102 1724 4155 data
1737 4107 1848 4157 occasio·

233 4175 368 4243 braettsh,
378 4179 466 4248 owing
474 4189 503 4231 to
511 4179 557 4232 the
572 4180 674 4232 nitrous
687 4178 786 4249 quality
797 4177 831 4231 oi
839 4178 883 4232 the
896 4180 979 4233 earth
996 4203 1020 4236 a.
1065 4198 1099 4232 ne
1109 4180 1188 4234 resert
1198 4199 1231 4234 ex
1243 4181 1375 4235 Clitarcho
1386 4183 1449 4246 Vll,
1463 4197 1488 4234 a.
1503 4179 1576 4234 Idem
1587 4183 1636 4244 VI,
1647 4183 1691 4245 25,
1705 4185 1718 4249 5
1729 4182 1779 4250 95:
1795 4184 1847 4235 Alii

234 4283 270 4294 -
281 4257 363 4308 Oram
371 4255 539 4309 Arabitarnm
552 4257 680 4310 Arrianus
693 4256 734 4328 (c.
747 4256 817 4323 25,t
830 4255 904 4328 )esse
912 4256 977 4310 dicit
988 4258 1022 4312 ad
1066 4259 1196 4314 Gedrusos
1204 4272 1229 4313 et
1237 4261 1343 4315 Pnsires
1348 4279 1458 4334 poricere
1460 4278 1511 4333 per
1520 4261 1692 4312 CXXXVIII
1696 4279 1730 4311 m.
1737 4279 1781 4332 p„
1792 4281 1847 4314 mor

235 4333 319 4388 stadia
339 4334 423 4401 mille,
440 4337 620 4389 consentiente
639 4335 760 4390 Nearcho
772 4335 843 4406 apud
865 4336 1023 4394 Strabonem
1066 4339 1275 4412 Ielttltyoplngos
1295 4339 1395 4403 Oritns,
1408 4337 1530 4412 proprio,
1545 4357 1595 4390 non
1614 4337 1749 4401 Indorum,
1762 4339 1846 4405 lingum

235 4429 263 4483 p.
279 4429 341 4482 720.
364 4417 431 4482 Quae
449 4414 595 4469 stadiorum
612 4433 715 4470 summa
727 4415 859 4486 colligitur
869 4435 902 4470 ex
916 4419 1023 4489 singulis
1067 4418 1204 4490 loquentis,
1214 4439 1265 4492 per
1277 4423 1317 4472 CC
1323 4420 1379 4472 mil.
1390 4437 1529 4490 martum.
1546 4417 1754 4490 Iedtdpnplngos
1767 4419 1846 4471 erneis

234 4489 365 4545 distantiis
380 4511 441 4564 quta
456 4493 599 4547 traduntur
612 4493 675 4548 inde
690 4495 723 4548 ah
741 4496 856 4560 Cereali,
880 4495 951 4549 unde
969 4501 1024 4568 pri·
1070 4499 1219 4552 Alexander
1230 4501 1316 4554 uetuit
1326 4499 1448 4573 piscibus
1463 4499 1557 4553 nitere.
1572 4497 1672 4551 Deinde
1681 4517 1790 4570 posuere
1797 4503 1845 4552 Ar·

236 4585 310 4621 mum
324 4571 461 4624 Oceanum
472 4571 558 4625 elassis
569 4574 682 4643 ingressa
694 4584 743 4626 est.
757 4576 879 4627 Attamen
891 4573 1023 4630 desidera·
1068 4579 1169 4632 diorum
1183 4592 1283 4648 gentem
1293 4599 1344 4652 per
1353 4584 1393 4632 CC
1406 4579 1474 4633 mill.
1499 4579 1575 4632 Ultra
1586 4577 1703 4640 desertn;
1716 4577 1777 4630 dein
1793 4583 1847 4632 Con

236 4646 409 4702 turdistantia
419 4667 435 4702 a
444 4651 558 4704 Crocelis
568 4651 603 4705 ad
614 4651 720 4705 Bihaeta
733 4651 897 4723 (stadiomrn
911 4670 961 4706 ιοο
969 4671 1021 4708 sec.
1068 4657 1157 4709 manin
1164 4669 1189 4710 et
1198 4657 1287 4711 Persis
1296 4670 1373 4730 atque
1383 4657 1539 4712 Arabia.1n
1552 4658 1592 4710 his
1602 4675 1684 4728 quum
1696 4656 1770 4710 Arbii
1781 4657 1847 4710 inter

236 4725 304 4780 Plin.
319 4726 368 4798 )et
383 4745 399 4780 e
412 4729 533 4800 Sarangis
546 4729 793 4798 ad‘Sacala.Quare
807 4748 874 4785 1000
885 4731 928 4785 illa
941 4733 1024 4788 stadia
1068 4737 1156 4798 Oritas
1168 4747 1195 4790 et
1205 4737 1371 4790 Cannabiam
1379 4737 1549 4803 collocentur,
1565 4736 1637 4789 vides
1646 4734 1784 4808 ponendos
1797 4753 1846 4787 esse
1961 4763 1962 4770 ι

236 4825 291 4860 non
301 4824 316 4861 a
326 4807 430 4860 Coreati
441 4807 509 4862 seda
522 4819 603 4880 portu
613 4808 767 4872 Alexandri,
777 4807 848 4861 unde
858 4809 1024 4880 postridie·
1067 4813 1160 4866 eodem
1182 4814 1241 4868 loeo
1264 4834 1317 4886 quo
1333 4816 1487 4869 Ptolomeus
1508 4815 1606 4869 Arabio
1628 4815 1737 4868 iluvium
1762 4813 1844 4866 babet

236 4905 297 4942 rum
312 4889 547 4942 commorationem
570 4890 663 4942 etesias
674 4899 766 4942 nactus
783 4889 917 4941 Nearchus
936 4890 1022 4958 solvit,
1067 4893 1137 4946 Hinc
1154 4894 1232 4946 etiam
1246 4893 1399 4965 explicanda
1416 4913 1476 4965 quae
1488 4895 1609 4964 leguntur
1619 4895 1669 4957 vl,
1689 4897 1724 4946 26
1743 4895 1757 4960 S
1779 4909 1844 4960 109:

236 4965 416 5037 computanda
429 4965 542 5038 ideoque
555 4968 605 5024 150
622 4968 705 5021 stadia
717 4966 862 5039 supplenda
875 4986 930 5021 esse
942 4981 1022 5037 reete,
1067 4973 1102 5024 In
1118 4972 1262 5024 Carmnnin
1274 4972 1369 5040 ungreio
1383 4972 1602 5044 Chelonophagi...
1617 4990 1635 5024 n
1639 4971 1751 5040 flumine
1764 4971 1846 5022 Arndt'

128 5095 132 5102 ,
236 5055 313 5116 puto,
329 5045 431 5098 censuit
446 5045 608 5099 Gosselinus.
620 5048 688 5100 Sane
706 5046 814 5118 quidem
826 5045 896 5100 mille
912 5048 960 5101 ista
971 5060 1024 5102 sta-
1064 5050 1271 5122 promontorium
1289 5050 1375 5123 ipsum
1401 5051 1561 5104 inhabitent.
1579 5050 1652 5104 Idem
1674 5068 1707 5102 ex
1720 5048 1788 5102 Jubn
1802 5067 1844 5101 νιο-

238 5121 283 5174 dia
295 5124 393 5177 rectius
412 5123 557 5189 habebunt,
571 5125 593 5178 si
616 5125 650 5180 ab
671 5125 740 5179 Indo
761 5125 947 5197 proficiscaris3
961 5146 1024 5182 nam
1068 5139 1148 5182 stram
1157 5131 1347 5200 navigationem
1358 5133 1534 5202 perstringens
1542 5133 1577 5184 ita
1586 5129 1649 5182 dicit
1658 5131 1707 5194 VI,
1718 5133 1762 5193 26,
1775 5132 1843 5197 597:

239 5218 329 5253 revera
342 5212 426 5254 sunta
435 5203 505 5255 Pitti
516 5204 584 5256 ostio
597 5221 680 5275 usque
689 5203 723 5256 ad
732 5208 872 5274 Sornnenny
880 5216 907 5257 et
920 5206 1025 5258 Purnlli
1068 5209 1133 5261 Here
1142 5220 1227 5262 tuanen
1236 5209 1317 5277 digne
1321 5209 1476 5282 prodentur.
1485 5209 1568 5262 Arbis
1578 5209 1587 5281 (
1597 5211 1634 5262 sic
1642 5215 1694 5261 ein.
1706 5206 1844 5270 Herduin.;

241 5278 351 5331 liuvium
368 5279 451 5335 stadia
468 5285 627 5346 10401080.
642 5282 692 5337 Sed
707 5295 890 5355 argumentum
902 5284 965 5338 binc
978 5303 1022 5358 pe·
1068 5287 1103 5340 ab
1111 5287 1186 5342 diret
1196 5289 1277 5342 Abire
1288 5287 1367 5344 codd.
1380 5289 1391 5362 )
1404 5287 1529 5362 oppidtuu
1541 5307 1559 5342 n
1573 5288 1691 5344 Nearcho
1701 5285 1844 5348 conditerem
