3950 5925
259 468 279 517 a
787 444 983 505 Hannonis
1006 440 1353 503 CllllTHilGlNlENSlS
1847 442 1881 521 (s)

261 640 407 709 τωκήσαρεν
427 635 527 698 codex;
548 652 600 686 cm.
619 632 694 685 editt.
709 631 834 701 apposite
848 629 960 697 Klugius
974 638 1047 681 notat
1094 628 1189 698 Peripli
1202 628 1284 680 nostri
1295 627 1380 679 verbis
1392 628 1442 680 hnc
1450 636 1552 680 tantum
1559 638 1640 699 patet,
1651 631 1712 684 sitas
1721 630 1801 683 luisse
1813 633 1883 687 inter

261 696 348 775 hincce
363 737 368 771 :
386 744 397 764 ι
412 718 497 787 Supra
514 715 610 766 ilanno
622 711 690 763 dixit
702 710 831 780 lailaepev
846 710 945 778 πρώτην
962 706 1046 771 πόλιν,
1094 705 1229 776 juncosam
1242 706 1375 775 regionem
1385 717 1412 759 et
1424 707 1520 759 Lixum
1530 708 1650 761 lluvium.
1663 711 1782 779 Uterque
1792 713 1882 763 termi-

261 800 383 854 hocloco
396 794 575 866 xerqxloepsv.
591 790 687 851 Κτίζειν
705 800 744 841 est
758 785 881 851 condere,
901 786 1047 847 κατοικίζειν
1095 803 1145 837 nus
1156 787 1218 838 satis
1232 796 1353 837 accurate
1366 795 1453 856 potest
1471 784 1585 839 definiri.
1603 788 1676 841 Alter
1689 788 1829 859 ponendus
1842 800 1882 843 est

262 890 302 933 est
314 878 407 931 urbem
421 873 522 927 colonis
534 870 710 941 frequentare.
723 869 807 937 Igitur
818 867 875 919 haec
886 865 983 937 oppida
993 864 1048 935 jam
1095 866 1122 917 in
1142 865 1277 917 montibus
1292 867 1338 936 qui
1351 864 1502 936 paludosam
1515 867 1648 935 regionem
1660 886 1675 920 a
1689 868 1800 921 meridie
1812 870 1882 922 clau·

262 957 369 1011 condita
381 964 456 1008 erant
468 971 483 1004 a
495 949 664 1005 Phoenicibus
679 948 747 1020 (qui
764 947 826 999 olim
843 948 869 997 in
884 946 925 998 his
936 946 1050 1014 regioni·
1096 943 1174 1008 dunt,
1194 962 1313 1015 quosque
1324 946 1445 1015 proxime
1457 946 1555 1015 exeipit
1572 944 1675 1015 Teesist
1689 946 1773 1012 fluvii,
1787 965 1803 999 a
1817 958 1881 1001 vett.

163 1095 169 1104 ,
261 1038 312 1091 bus
325 1034 398 1089 sedes
410 1029 636 1101 collocaverant),
656 1040 683 1081 et
696 1046 768 1080 nunc
782 1026 815 1079 ab
830 1028 960 1078 Hannone
974 1025 1050 1076 novis
1096 1023 1214 1077 Phthnth
1234 1023 1273 1076 vel
1287 1024 1358 1077 Phut
1371 1024 1412 1077 vel
1425 1023 1632 1095 Futlptolem„
1645 1025 1753 1097 ioseph.
1771 1029 1835 1079 Ant.
1854 1030 1881 1080 J.

262 1126 365 1168 tantum
376 1114 484 1167 advenis
499 1110 685 1181 implebantur.
699 1109 817 1177 Utraque
829 1106 901 1157 enim
919 1122 960 1155 res
974 1120 1051 1155 voca·
1096 1105 1119 1167 1,
1133 1108 1159 1166 6,
1174 1104 1242 1156 Plin.
1256 1106 1292 1168 V,
1310 1102 1497 1173 1)nominati,
1510 1104 1618 1156 ostium.
1639 1105 1734 1157 Lixum
1755 1122 1818 1157 vero
1833 1105 1883 1158 ho·

263 1195 327 1248 bulo
338 1195 428 1256 κτίζειν
438 1191 606 1263 exprimitur,
619 1190 656 1241 ita
669 1199 757 1240 tamen
766 1196 798 1238 ut
808 1186 905 1237 llanno
918 1184 994 1236 initio
1004 1186 1050 1235 Pe-
1097 1180 1218 1247 diernum
1231 1200 1285 1235 esse
1297 1183 1488 1235 Draalluvium
1499 1181 1533 1234 ad
1539 1183 1645 1235 Saliare
1654 1185 1759 1237 initium
1770 1186 1798 1237 in
1811 1202 1884 1238 mam

261 1274 323 1346 ripli
341 1274 393 1326 hoc
409 1270 537 1324 vocnbulo
561 1267 679 1338 generale
700 1266 775 1336 quasi
796 1264 934 1317 consilium
955 1263 1051 1315 consti·
1097 1272 1236 1313 exeuntem
1250 1264 1307 1333 ipso
1328 1263 1432 1332 Periplo
1451 1261 1656 1315 luculentissime
1676 1262 1881 1319 demonstratur·

263 1354 426 1409 tuendorum
438 1349 598 1421 oppidorum
616 1345 725 1408 indicet,
741 1344 794 1397 hoc
809 1354 897 1395 autem
912 1342 971 1394 loco
988 1359 1051 1393 voce
1097 1342 1157 1393 Orae
1171 1340 1332 1409 longitudoa
1348 1339 1450 1409 Teasist
1459 1340 1493 1393 ad
1504 1345 1579 1393 Draa
1589 1343 1756 1405 siveLixum
1772 1344 1884 1399 lluvium

263 1434 409 1495 κατοικίζειν
429 1431 562 1483 restitutas
584 1444 639 1478 esse
658 1426 779 1493 antiquas
801 1423 957 1476 Phoenicum
970 1416 1050 1473 urbes

265 1516 342 1569 novis
354 1513 454 1565 colonis
463 1505 646 1562 immittendis.
659 1508 700 1557 Ex
709 1503 814 1574 Periplo
822 1512 894 1573 patet
901 1519 985 1554 unum
996 1511 1052 1553 tan·

264 1606 324 1647 tum
335 1608 434 1644 novum
448 1585 588 1659 oppidum,
609 1583 818 1654 Thymiaterion,
835 1598 890 1633 esse
902 1578 1050 1643 conditum,

264 1682 416 1739 ceterasque
428 1667 506 1720 urbes
517 1684 572 1717 non
584 1665 611 1716 in
623 1661 769 1715 condendis
782 1661 866 1713 sedin
876 1659 990 1712 conditis
1002 1676 1051 1711 nu-

264 1750 413 1812 merandas,
426 1764 505 1818 quem
519 1761 625 1796 sensum
635 1742 777 1794 verborum
790 1750 911 1793 accurata
925 1741 1052 1810 interpre-

265 1828 330 1878 tatio
340 1826 448 1896 flagitat.
469 1827 561 1891 Quum
575 1823 647 1874 enim
658 1822 755 1873 ilanno
768 1819 882 1889 primam
900 1817 994 1870 urbem
1009 1834 1052 1868 ex·

265 1915 387 1970 strueret,
395 1904 459 1957 dicit
471 1920 477 1955 :
493 1902 581 1967 ἥντινα
591 1900 757 1970 ὠνομάσαμεν
769 1896 944 1968 Θυμιατήριον.
960 1899 1051 1963 Quum

264 1984 293 2035 in
307 2001 409 2036 recessu
425 1980 561 2052 eujusdam
575 1981 648 2033 sinus
660 1994 769 2049 parvam
790 1976 902 2027 insulam
914 1975 1053 2043 reperisset

264 2063 409 2132 incolisque
421 2060 619 2131 frequentasset,
634 2058 698 2109 item
712 2054 778 2106 dicit
793 2070 800 2105 ι
815 2053 903 2118 ἥντινα
917 2052 1052 2122 ὠνομάσα-

266 2161 311 2211 μεν
323 2141 424 2211 Κέρνην.
440 2144 475 2192 itt
489 2138 541 2191 boc
551 2138 610 2190 loco
621 2152 701 2206 quern
713 2143 855 2185 tractamus
866 2132 979 2201 legitur:
994 2150 1052 2183 κατ-

264 2220 388 2289 ῳκίσαμεν
410 2218 494 2278 πόλεις
507 2215 708 2285 καλουμένας
728 2212 833 2282 Καρικόν
853 2230 879 2264 τε
902 2209 1054 2280 reignescat

265 2297 440 2364 1’ίττηνκτλ.;
460 2306 487 2349 et
502 2293 580 2365 paulo
599 2292 669 2346 inira
689 2310 695 2345 ι
721 2292 776 2362 ὄρος
792 2291 903 2361 ἐφαίνετο
925 2291 1051 2360 μέγιστον,

266 2378 335 2429 Θεῶν
347 2377 434 2447 ὄχημα
448 2374 612 2443 καλούμενον,
628 2382 655 2424 et
673 2373 699 2423 in
712 2381 831 2423 extremo
850 2370 954 2440 Periplo
970 2385 976 2420 :
998 2367 1053 2439 ἀρι-

266 2456 361 2527 κόμεία
371 2454 404 2516 εἰς
415 2454 508 2506 κόλπον
520 2452 602 2504 Νότου
611 2452 681 2522 κέρας
688 2449 850 2521 καλούμενον.
862 2452 920 2501 Ηοο
928 2467 983 2500 non
995 2459 1033 2500 est
1045 2465 1052 2501 :

265 2552 344 2588 mons
353 2534 509 2587 cernebatur
519 2550 599 2602 quem
613 2529 812 2603 appellabamus
824 2529 918 2581 Theon
932 2527 1052 2591 ochema,

1097 1410 1243 1473 stadiorum
1256 1430 1295 1473 est
1303 1421 1407 1472 circiter
1415 1424 1494 1485 utino,
1505 1420 1602 1491 quibus
1611 1422 1798 1492 permetiendis
1807 1426 1885 1495 quin-

1097 1516 1149 1568 que
1160 1500 1198 1551 vel
1209 1518 1252 1552 sex
1268 1500 1441 1567 navigationis
1450 1498 1505 1551 dies
1519 1499 1606 1552 classis
1617 1502 1717 1555 Punica
1729 1520 1885 1558 consumere

1097 1576 1219 1631 debebat.
1239 1579 1433 1633 Convenienter
1454 1578 1546 1649 Scylax
1568 1580 1724 1633 aSoloente
1743 1600 1831 1653 prom.
1851 1585 1884 1637 ad

1098 1658 1194 1710 Lixum
1203 1659 1313 1711 fluvium
1323 1668 1422 1728 septem
1432 1657 1487 1710 dies
1494 1667 1611 1729 exputat.
1623 1660 1711 1711 Prima
1721 1662 1801 1729 igitur
1810 1664 1884 1729 urbs,

1100 1738 1222 1808 llaprxb
1234 1758 1246 1790 v
1262 1740 1390 1807 τεῖχος,
1403 1738 1425 1789 si
1438 1738 1517 1790 verba
1531 1738 1626 1808 Peripli
1640 1756 1754 1809 premas,
1769 1741 1804 1795 ad
1822 1748 1885 1796 Tea-

1097 1816 1148 1885 risi
1158 1818 1267 1870 ssuvium
1277 1816 1317 1869 ve'l
1324 1828 1394 1869 certe
1403 1815 1475 1869 haud
1484 1816 1560 1885 longe
1572 1815 1634 1869 inde
1645 1817 1713 1871 soret
1721 1820 1884 1876 collocanda.

1098 1898 1178 1951 Novit
1196 1898 1290 1951 urbem
1308 1897 1431 1967 Ephorus
1453 1914 1496 1967 ap.
1518 1896 1643 1967 Stephen.
1665 1900 1727 1969 Byz.
1752 1900 1885 1972 :llapm'av

1098 1978 1191 2046 τεῖχος,
1205 1976 1276 2037 πόλις
1290 1976 1378 2043 dehine
1392 1974 1417 2028 iv
1427 1974 1542 2045 ἀριστερᾷ
1550 1981 1598 2028 τῶν
1613 1973 1764 2046 Ἡρακλείων
1775 1980 1885 2047 στηλῶν,

1098 2054 1130 2115 ὡς
1150 2054 1254 2125 Ἔφορος
1268 2056 1374 2127 πέμπτῃ.
1391 2057 1431 2106 Βο
1449 2055 1557 2107 nomine
1579 2055 1725 2109 Bochartus
1741 2074 1747 2109 :
1766 2083 1777 2103 ·
1800 2059 1887 2113 Fallor

1097 2150 1131 2184 an
1143 2134 1247 2204 Καρικὸν
1260 2136 1353 2203 τεῖχος,
1367 2152 1456 2185 mitras
1468 2134 1584 2195 caricas,
1597 2136 1684 2188 Poenis
1696 2144 1752 2189 erat
1762 2152 1823 2201 mn
1837 2154 1886 2229 pp

1099 2211 1151 2263 Kir
1174 2214 1273 2276 chares,
1294 2230 1384 2265 erraras
1407 2212 1489 2275 Solen
1508 2211 1583 2282 cujus
1604 2214 1718 2266 nominis
1738 2217 1833 2271 urbem
1859 2221 1885 2271 in

1098 2291 1222 2344 Moabitis
1235 2302 1364 2345 memorat
1376 2292 1455 2343 Isaiae
1469 2296 1511 2355 16,
1530 2308 1571 2344 11.
1585 2317 1597 2338 ι
1609 2291 1660 2345 Sed
1673 2293 1728 2346 haec
1738 2298 1887 2367 respuenda

1099 2387 1154 2425 esse
1165 2390 1301 2425 censemus
1313 2389 1373 2424 cum
1387 2370 1442 2423 aliis
1460 2370 1590 2441 plurimis.
1612 2372 1716 2425 Nomen
1735 2392 1807 2428 mere
1823 2394 1887 2447 gm-

1100 2466 1160 2502 cum
1170 2462 1219 2517 est,
1231 2470 1317 2521 neque
1325 2452 1351 2503 in
1362 2451 1403 2503 his
1412 2450 1476 2503 locis
1488 2448 1609 2503 offendit.
1621 2452 1709 2517 Cares,
1719 2456 1886 2509 notissimum

1099 2540 1239 2583 nautarum
1253 2541 1280 2584 et
1290 2530 1514 2583 mercenariorum
1534 2530 1634 2599 vulgus,
1655 2549 1716 2603 eum
1730 2533 1886 2588 Phoenicum

265 2613 314 2667 sed
324 2615 370 2685 qui
380 2611 579 2685 appellabatur,
593 2611 636 2663 eui
650 2610 702 2661 hoc
715 2625 813 2661 nomen
826 2607 882 2677 jam
895 2618 965 2671 erat;
982 2605 1055 2659 ideo·
1099 2610 1309 2678 navigationibus
1320 2610 1482 2680 coloniisque
1493 2608 1661 2662 multifariam
1671 2610 1804 2681 conjuncti
1814 2626 1885 2679 sunt,

266 2712 319 2764 que
328 2689 590 2763 κατῳκίοαρενκόλεις
596 2688 748 2759 καλουμένας
754 2687 858 2756 Καρικόν
868 2704 895 2739 τε
904 2688 988 2756 τεῖχος
997 2685 1052 2738 κτλ.
1099 2698 1130 2739 ut
1141 2690 1228 2759 prisco
1238 2707 1293 2742 aevo
1306 2706 1359 2741 una
1372 2705 1433 2739 eum
1445 2687 1495 2739 illis
1510 2689 1537 2739 in
1548 2686 1731 2741 diversissimis
1743 2693 1824 2743 maris
1835 2711 1887 2744 me-

268 2773 335 2825 nihil
348 2770 419 2825 aliud
441 2768 571 2839 significat
583 2782 684 2838 quam:
706 2764 874 2829 incoluimus,
898 2765 917 2816 i.
939 2782 963 2817 e.
983 2766 1054 2816 inve·
1100 2764 1242 2820 diterranei
1254 2767 1384 2836 Pontique
1395 2766 1547 2835 regionibus
1561 2778 1711 2819 occurrant.
1733 2770 1773 2820 De
1790 2771 1887 2839 quibus

267 2853 356 2905 nimus
372 2860 399 2903 et
416 2850 491 2902 novis
506 2847 597 2900 incolis
618 2845 842 2915 frequentavimus
860 2843 938 2895 urbes
958 2844 1055 2914 quibus
1101 2845 1183 2899 multa
1201 2847 1297 2917 passim
1311 2846 1419 2916 exponit
1437 2847 1584 2897 Moversius
1596 2845 1614 2898 l.
1628 2846 1646 2897 l.
1660 2863 1688 2916 p.
1707 2863 1748 2915 ¹7·
1765 2850 1808 2917 78.
1823 2866 1885 2902 νη,

263 2930 320 3001 jam
332 2948 429 2985 nomen
443 2937 498 2982 erat
512 2926 617 2997 Καρικόν
632 2944 658 2979 τε
670 2930 754 2995 τεῖχος
771 2934 822 2978 etc.
840 2923 939 2994 (Nunc
951 2926 1054 2993 egregie
1101 2940 1163 2996 227.
1179 2930 1241 2990 air.
1265 2929 1327 2989 246.
1347 2924 1409 2979 258.
1430 2925 1492 2978 263.
1508 2926 1570 2979 288.
1587 2925 1647 2980 306.
1667 2926 1728 2979 318.
1751 2926 1801 2981 550
1822 2946 1881 3000 sqq.

268 3009 523 3080 Cartlraginiensium
546 3006 687 3061 artificium
711 3005 874 3074 intelligitur,
900 3002 973 3074 quod
1001 3023 1055 3057 non
1101 3005 1214 3060 Eosdem
1231 3007 1310 3058 etiam
1321 3007 1348 3057 in
1359 3003 1482 3056 occiduas
1492 3015 1573 3056 terras
1584 3004 1683 3056 delatos
1692 3023 1747 3057 esse
1758 3008 1812 3059 sive
1824 3027 1888 3062 nau·

267 3107 405 3159 germanos
423 3091 528 3153 Poenos,
548 3085 594 3138 sed
615 3085 818 3157 Libyphoenices
835 3083 957 3136 adhunc
975 3081 1054 3136 linem
1102 3095 1141 3138 tas
1157 3086 1211 3138 sive
1221 3084 1407 3147 mercenarios,
1420 3100 1486 3153 quos
1498 3082 1616 3154 undique
1626 3083 1791 3138 conscribere
1811 3088 1901 3140 Pher--

267 3167 465 3240 exsequendum
477 3166 612 3236 elegerint,
623 3167 669 3234 qui
679 3175 731 3217 tam
743 3163 911 3217 Phoenicibus
922 3163 968 3215 has
977 3163 1056 3216 urlres
1102 3164 1172 3216 nioes
1181 3163 1309 3226 solebant,
1318 3173 1523 3215 consentaneum
1535 3171 1583 3226 est,
1594 3163 1738 3232 praesertim
1748 3175 1888 3236 postquam

269 3247 446 3302 habitantibus
464 3263 545 3316 quam
560 3243 651 3314 Libyae
661 3243 766 3314 populis
783 3242 905 3313 inprimis
916 3252 1002 3294 essent
1014 3261 1057 3296 ac·
1101 3244 1234 3316 prioribus
1248 3242 1354 3295 sedibus
1367 3251 1499 3294 crescente
1509 3242 1663 3294 Graecorum
1677 3244 1795 3312 potentia
1814 3244 1889 3314 eja-ti

269 3329 337 3398 cepti
354 3338 432 3398 atque
452 3324 575 3396 affines.)
590 3325 651 3376 Non
671 3323 749 3376 video
769 3341 818 3376 cur
838 3339 892 3374 non
906 3322 985 3374 verba
1004 3327 1019 3392 ς
1043 3341 1054 3377 1
1102 3331 1196 3374 essent.
1220 3322 1343 3374 Proxime
1364 3337 1427 3372 vero
1446 3319 1479 3372 ad
1500 3337 1549 3372 nos
1571 3321 1685 3391 pertinet
1707 3321 1779 3392 quod
1805 3325 1891 3376 Ptole-

269 3417 429 3470 memorata,
448 3404 532 3465 πόλεις
547 3404 649 3467 κτίζειν,
666 3402 700 3456 ad
716 3403 773 3455 lraee
792 3419 899 3472 quoque
919 3401 1018 3473 oppida
1031 3415 1058 3457 et
1103 3417 1184 3452 nraeus
1199 3401 1248 3462 IV,
1263 3403 1318 3469 lip.
1338 3397 1389 3468 295
1399 3399 1499 3462 With,
1515 3398 1614 3452 habet:
1632 3397 1772 3452 Ἐλάσσονα
1786 3402 1813 3454 δέ
1830 3401 1890 3454 εἰσιν

269 3486 396 3538 coloniam
408 3487 436 3537 in
445 3481 765 3547 insulaCeruelundatam
774 3480 865 3534 reserri
875 3484 986 3551 possint,
998 3483 1058 3536 licet
1097 3477 1162 3545 ,ἔθνη
1176 3479 1216 3530 καὶ
1228 3479 1358 3548 κατέχουσι
1370 3477 1400 3530 τὰ
1416 3477 1459 3549 μὲν
1473 3477 1512 3530 ἐπὶ
1524 3480 1555 3549 τῇ
1567 3477 1679 3547 θαλάσσῃ
1699 3478 1760 3548 perir
1771 3478 1816 3546 τὴν
1832 3481 1890 3533 Γαι-

271 3584 322 3616 una
343 3575 445 3617 tantum
465 3580 534 3614 nova
551 3561 615 3614 urbs
627 3563 661 3613 sit
681 3561 789 3614 condita
808 3571 834 3612 et
856 3560 1058 3630 Libyphoenices
1104 3557 1203 3609 τουλίαν
1218 3557 1357 3609 Αὖτολάλαι
1371 3557 1413 3610 καλ
1430 3557 1551 3627 Σιράγγαι
1566 3556 1607 3609 καί
1628 3557 1802 3610 Μαύσωλοι
1818 3561 1891 3630 μέχρι

271 3643 351 3694 modo
362 3660 423 3694 erun
435 3641 566 3693 veteribus
577 3640 746 3693 Phoenicihus
759 3641 787 3691 in
803 3657 886 3691 unum
898 3640 1053 3695 coaluerint.
1104 3642 1147 3690 τοῦ
1162 3638 1208 3690 illd
1219 3639 1311 3708 νδρου
1329 3637 1406 3706 ὄρους.
1423 3639 1508 3706 Igitur
1523 3637 1674 3705 regionibus
1687 3638 1715 3688 in
1730 3637 1827 3707 quibus
1842 3658 1891 3691 nos

270 3725 359 3787 Quam
369 3719 492 3772 callidum
501 3719 756 3788 Carthaginiensium
766 3717 845 3771 suerit
855 3719 989 3787 ingenium
1004 3722 1058 3775 elu-
1099 3717 1155 3788 jam
1170 3735 1305 3770 versamur
1323 3715 1458 3769 Mainalos
1472 3713 1600 3768 vindicari
1616 3715 1697 3780 vides,
1711 3735 1766 3787 quo
1782 3721 1892 3772 nomine

272 3811 312 3852 cct
326 3819 357 3851 ex
372 3800 423 3852 hoc
442 3798 551 3851 oonsilio
565 3799 736 3866 navigationis
757 3809 844 3870 capto,
864 3816 919 3868 quo
937 3799 970 3851 ad
986 3820 1058 3854 com-
1103 3800 1182 3851 Cares
1199 3797 1336 3867 significari
1350 3807 1461 3849 testatur
1476 3796 1623 3866 Stephanus
1640 3799 1702 3866 Byz.
1723 3815 1745 3849 s.
1762 3815 1787 3849 v.
1806 3801 1891 3852 Porro

259 3877 630 3949 mercium-amplificandum
643 3889 669 3930 et
678 3877 819 3930 tutandum
833 3887 904 3930 tanta
918 3878 1057 3933 hominum
1103 3879 1218 3948 Μάνδρας
1233 3895 1328 3930 ννονννοιν
1342 3894 1397 3928 esse
1410 3875 1453 3927 dci
1468 3875 1563 3940 Carini,
1584 3886 1610 3928 et
1624 3878 1650 3928 in
1665 3876 1827 3945 regionibus,
1843 3879 1890 3931 uhi

272 3957 440 4011 multitudine
450 3967 548 4010 veteres
558 3958 673 4011 eolonias
685 3959 713 4010 in
725 3957 765 4008 his
775 3957 925 4026 regionibus
937 3957 1058 4030 hequen·
1104 3957 1182 4010 Cares
1197 3957 1359 4021 habitabant,
1374 3957 1467 4026 saepius
1479 3953 1641 4026 deprehendi
1654 3958 1800 4008 llloversius
1817 3969 1892 4011 notat

270 4048 358 4090 tarent
380 4048 407 4090 et
420 4038 494 4108 quasi
512 4037 674 4105 subigerent.
692 4035 801 4089 Accedit
818 4034 890 4104 quod
903 4035 985 4108 AElius
1000 4041 1059 4091 Ari·
1104 4035 1209 4090 laudato
1219 4038 1363 4088 Letronnio
1373 4035 1400 4087 in
1410 4033 1522 4087 Jaranal
1530 4033 1574 4086 des
1583 4046 1695 4087 saavnrrs
1710 4036 1786 4097 1846,
1798 4053 1826 4104 p.
1840 4052 1890 4088 rra

271 4117 352 4169 stides
371 4128 436 4170 tom.
452 4119 491 4181 ti,
506 4134 534 4186 p.
550 4120 601 4186 474
612 4115 655 4168 ed.
670 4114 783 4168 uiuat:
801 4115 966 4184 Καρχηδόνιοι
977 4117 1003 4169 δὲ
1019 4118 1057 4171 έκ-
1104 4133 1162 4186 sqq.
1179 4118 1228 4168 118
1240 4133 1297 4185 sqq.
1313 4117 1402 4181 Quare
1416 4113 1521 4183 Καρικὸν
1530 4115 1619 4184 τεῖχος
1631 4113 1682 4166 Ινοο
1698 4112 1756 4165 loco
1770 4131 1823 4165 non
1836 4132 1891 4166 ma-

272 4195 419 4256 πλεὺααντες
434 4193 480 4255 ἔξω
494 4194 616 4264 Γαδείρων
628 4192 670 4245 καὶ
683 4191 726 4253 τὰς
740 4192 765 4245 ἐν
783 4195 836 4254 τοῖς
847 4192 947 4264 ἐρήμοις
955 4198 998 4260 τῆς
1017 4199 1057 4246 Λι-
1103 4197 1142 4264 gis
1163 4197 1291 4248 miramur·
1310 4212 1390 4264 quam
1416 4193 1521 4264 Καρικὸν
1541 4194 1568 4246 in
1589 4192 1742 4263 Memphide
1768 4193 1891 4264 AEgyptia

273 4276 331 4340 idne
347 4274 431 4335 πόλεις
450 4272 640 4334 οἰκίσαντες.
662 4273 705 4325 Sic
715 4272 785 4324 enim
799 4272 879 4324 babet
899 4272 982 4325 codex
997 4274 1021 4336 ,Γ
1033 4285 1058 4328 rt
1106 4275 1154 4348 (ν.
1172 4276 1261 4346 Steph.
1280 4277 1342 4344 Byr..
1365 4292 1387 4325 s.
1404 4291 1429 4325 v.
1442 4273 1462 4344 ).
1483 4275 1536 4326 Sita
1550 4290 1606 4324 esse
1618 4271 1680 4324 urbs
1692 4271 1779 4336 debet,
1794 4284 1823 4324 ut
1834 4273 1891 4342 jam

273 4355 400 4407 Canterus
417 4370 467 4424 pro
479 4352 582 4421 uulgata
594 4352 706 4404 lectione
715 4349 867 4417 οἰκήσαντες.
880 4353 990 4420 Egregie
1004 4353 1059 4406 lrrec
1104 4356 1207 4419 monui,
1218 4372 1300 4425 prope
1318 4352 1419 4420 Tensif!
1437 4353 1491 4404 sive
1505 4352 1623 4405 Plrtlruth
1644 4351 1764 4403 lluviurn.
1784 4353 1815 4402 ln
1829 4355 1890 4404 Pto-

273 4433 453 4502 interpretatio
460 4431 587 4503 probatur·
593 4430 670 4484 Plinii
681 4430 776 4495 vcrhis,
787 4431 850 4502 quil
859 4433 895 4494 V,
907 4448 918 4482 1
931 4431 940 4502 )
952 4431 1058 4484 illasur·
1104 4434 1194 4487 lemaro
1206 4435 1254 4498 IV,
1272 4449 1297 4498 1,
1309 4450 1337 4504 p.
1352 4431 1481 4485 aiointer
1492 4433 1588 4484 ostium
1601 4429 1680 4499 hujus
1693 4431 1777 4482 amnis
1788 4447 1891 4500 peram·

274 4511 495 4581 bes,quassupra
508 4509 848 4574 memoravirrrus,incaltas
862 4508 1058 4577 [licerenxamr
1104 4513 1140 4584 pli
1159 4513 1222 4584 (3οΩ
1240 4511 1282 4566 3ο’
1299 4511 1386 4584 latit.)
1407 4521 1433 4563 et
1453 4511 1601 4564 Soloentem
1621 4527 1707 4580 prom.
1733 4507 1804 4580 (31⁰
1827 4509 1889 4581 15¹)

274 4591 350 4665 ertia
364 4589 450 4642 Plinii
464 4591 607 4658 localetab
615 4591 746 4643 Hannone
758 4588 877 4642 conditas
890 4607 946 4642 esse
957 4603 1056 4644 narret.
1104 4611 1173 4646 unus
1181 4603 1281 4645 tantum
1290 4593 1362 4644 locus
1370 4592 1477 4662 ponitur
1485 4591 1528 4642 lllv
1537 4587 1752 4659 οοκάραςλιμιίν
1760 4587 1818 4659 (30⁰
1825 4588 1889 4660 50¹),

273 4672 314 4722 Ex
327 4679 380 4722 tota
388 4681 477 4723 autem
485 4670 663 4742 descriptione
676 4668 813 4722 evidenter
825 4668 999 4723 demonstrari
1012 4689 1058 4742 po-
1104 4691 1183 4742 quem
1197 4672 1309 4725 eundem
1322 4691 1377 4724 esse
1386 4689 1447 4724 cum
1459 4668 1625 4723 Caricoticho
1635 4667 1674 4720 vel
1684 4685 1779 4719 nomen
1787 4665 1889 4718 suadet.

274 4758 323 4800 test
342 4749 410 4800 hanc
430 4750 633 4818 navigationem,
655 4766 737 4819 quum
751 4750 792 4801 via
804 4747 977 4818 locorumque
994 4751 1059 4803 situs
1104 4751 1245 4805 Eduardus
1257 4755 1349 4805 lienou
1364 4752 1390 4803 in
1410 4767 1503 4821 mappa
1516 4747 1617 4818 imperii
1632 4747 1766 4798 hierocani
1782 4745 1816 4796 ad
1831 4747 1890 4797 ostii

274 4827 399 4879 Hannoni
412 4844 495 4897 usque
507 4827 540 4880 ad
551 4830 654 4881 fernen
675 4847 728 4880 non
742 4829 874 4898 incognita
885 4825 991 4892 luerint,
1002 4847 1057 4882 non
1104 4829 1171 4883 latus
1188 4829 1291 4883 boreale
1304 4840 1376 4882 notat
1390 4846 1397 4880 :
1418 4833 1510 4895 Agrone
1530 4826 1612 4878 reciae.
1636 4827 1782 4878 hioversius
1794 4841 1822 4894 p.
1841 4824 1890 4891 lili)

274 4908 386 4975 primam
402 4905 489 4970 luisse,
501 4906 546 4959 sed
560 4909 648 4975 potius
658 4908 805 4978 repetitam,
822 4924 919 4960 novum
935 4924 999 4960 vero
1010 4909 1060 4961 iter
1105 4909 1210 4980 Καρικὸν
1225 4911 1310 4978 τεῖχος
1320 4926 1375 4961 esse
1394 4917 1482 4960 censet
1492 4905 1646 4958 hodiernam
1663 4903 1769 4971 Agarler
1787 4903 1890 4966 urbem,

275 4987 407 5055 inocptum
422 4986 456 5039 ab
470 4985 553 5038 insula
566 4987 651 5040 Cerne
659 4997 686 5038 et
700 4986 734 5038 ad
744 4996 890 5038 extremum
904 4996 1058 5055 promonto·
1104 5008 1164 5059 qnae
1180 4988 1266 5060 paullo
1280 4997 1338 5058 post
1356 4986 1568 5056 promontorium
1585 4982 1693 5050 Agarler
1712 4984 1766 5034 sive
1781 4985 1846 5033 Gerr
1865 4983 1890 5032 in

275 5066 343 5116 rium
364 5083 452 5118 versus
469 5075 588 5118 austrum
607 5083 663 5120 esse
683 5067 875 5118 continuatum.
894 5066 1059 5118 Narrationis
1104 5068 1157 5120 alto
1171 5067 1282 5120 Atlantis
1297 5066 1391 5118 vertice
1399 5066 1449 5116 sita
1462 5074 1500 5116 est
1510 5061 1727 5134 inexpugnabilis.
1742 5063 1891 5128 Argumen-

275 5143 570 5198 hrcvitasetPoeuorum
581 5144 1059 5215 cnuta'prudeatiaomisitomniaque!
1105 5162 1162 5200 tarn
1174 5147 1307 5200 seritenthe
1325 5145 1401 5198 allert
1417 5142 1489 5213 quod
1504 5143 1603 5212 agada·
1613 5144 1639 5194 in
1652 5143 1739 5210 lingua
1753 5139 1892 5192 lierhrrira

275 5223 559 5290 singularemlocorum
569 5223 1059 5279 natursmetmeroaturelnntesdetc·
1108 5225 1258 5298 (Paradis,
1282 5223 1464 5279 Dieriamraire
1487 5223 1593 5275 Beidire
1613 5239 1639 5292 p.
1663 5220 1735 5290 rio)
1761 5218 1891 5288 significat

276 5313 456 5372 gercqxrsscnt.
471 5329 481 5348 ·
494 5302 839 5373 Kaneniamquodurhes
851 5302 1060 5369 illasattinet‚er
1106 5325 1207 5359 ιιιιιννιιιι
1236 5317 1356 5377 saptiam·
1380 5303 1460 5374 idque
1479 5319 1574 5356 nomen
1595 5319 1626 5354 ex
1647 5299 1778 5372 phoenicia
1803 5299 1892 5367 lingua
