3950 5925
669 422 909 484 smonsnos
930 422 1055 483 nanis
1077 390 1216 484 naam.
1686 445 1741 497 ιιι

174 573 199 611 s.
222 551 285 613 ’tet
299 555 344 610 τοῦ
355 550 436 627 Χιμὼ
450 552 494 610 ἐπὶ
507 551 552 610 τὸν
566 554 684 612 Γλαῦκον
697 553 797 612 στάδιοι
811 553 848 613 π’.
998 566 1024 613 6.
1044 564 1068 614 Α
1080 562 1175 615 Chimo
1187 561 1220 615 ad
1232 563 1360 617 Glaucum
1375 564 1457 617 stadia
1470 568 1512 621 ao.

177 661 200 702 7.
224 637 287 699 ἰλιιδ
306 644 353 697 τοῦ
368 639 489 699 Γλαάκου
503 642 538 705 εἰς
556 638 691 718 Ἄντίρρας
702 672 742 685 -
756 640 834 707 σάλος
847 640 917 699 ἐστὶν
998 664 1024 715 7.
1045 651 1068 700 Α
1085 648 1185 701 Glauco
1197 647 1231 701 ad
1246 650 1429 720 Antiphras—
1439 652 1522 705 salum
1545 670 1608 707 ocus
1622 654 1700 709 babet
1711 687 1747 698 -

137 724 238 792 δτότιος
251 726 402 783 -στάδιοι
415 724 455 786 τ’.
962 730 1046 783 stadia
1064 734 1107 785 80.

175 834 199 871 s.
223 811 286 871 ’Λπδ
300 815 352 869 τῶν
368 811 507 893 Ἀντιρρῶν
521 810 565 870 tut
578 811 626 882 τὴν
640 811 741 891 Δέρριιν
754 848 792 858 -
804 811 917 893 ὕρορμδς
998 817 1024 867 8.
1046 816 1087 869 Ab
1100 818 1237 888 Antiphris
1248 818 1281 871 ad
1301 822 1411 873 Derram
1427 822 1484 887 (ol.
1498 824 1594 874 Derrin
1605 826 1615 892 )
1625 856 1661 865 -
1671 828 1748 880 statio

107 927 122 963 5
137 901 191 956 ἐστι
201 897 312 977 θερινὸς,
323 898 369 956 καὶ
383 898 453 978 ὕδωρ
466 898 573 977 ἔχει-
584 900 684 957 στάδιοι
698 899 731 968 ζ’.
962 902 1052 957 subest
1063 905 1166 968 aestiva,
1179 915 1204 957 et
1216 923 1311 977 aquam
1323 907 1395 959 locus
1410 906 1488 960 babet
1499 910 1628 963 -stadia
1640 929 1675 980 90
1687 912 1746 983 (if).

137 1113 355 1173 Mediterraneon,
365 1110 505 1182 publirhed
515 1111 596 1162 aethe
606 1109 836 1182 Hydmgruplu'cal
847 1112 921 1182 office
964 1111 1011 1165 εἶτ’
1029 1113 1044 1180 ἦ
1066 1116 1146 1185 Δέρρις
1163 1115 1249 1186 λιμὴν,
1268 1117 1418 1187 καλούμενος
1437 1118 1512 1179 οὕτως
1527 1119 1567 1171 διὰ
1578 1119 1623 1183 τὴν
1644 1122 1747 1189 πλησίον

137 1194 172 1261 os
181 1193 223 1245 ιΙιι
240 1192 401 1260 Admiralty.
421 1188 507 1244 lond.
524 1190 602 1257 1839.
618 1193 705 1260 Rupes
722 1190 776 1243 illas
792 1209 920 1261 aquarum
963 1193 1051 1261 πέτραν
1063 1194 1179 1262 μέλαιναν
1192 1196 1268 1265 δέρρει
1282 1195 1401 1249 ἐοικυῖαν·
1419 1196 1567 1267 ὀνομάζουσι
1579 1199 1604 1251 δὲ
1623 1202 1664 1252 καλ
1675 1202 1748 1273 lepi-

138 1271 302 1343 superficiem
313 1273 467 1338 attingentes
478 1279 570 1336 auctor
587 1280 677 1321 noster
686 1279 760 1321 vocat
774 1270 853 1340 βράχη
871 1270 921 1323 ἔτι·
964 1288 1016 1338 ριον
1034 1270 1076 1322 rba
1089 1270 1193 1337 πλησίον
1210 1274 1299 1325 τόπον·
1314 1273 1354 1326 εἶτ
1370 1273 1446 1334 άλλυς
1465 1273 1541 1344 λιμὴν
1561 1276 1691 1341 λεύκασπις
1710 1284 1750 1333 καὶ

135 1352 283 1421 perrepere,
296 1349 386 1416 sicut§
399 1349 431 1416 37
444 1347 522 1408 habes
536 1345 616 1417 βράχη
630 1346 710 1417 ἶν’(ιρλά
723 1350 776 1415 ets
795 1348 827 1416 57
839 1348 919 1417 ppdffl
964 1348 1039 1400 άλλοι
1052 1349 1158 1411 πλείους.
1174 1353 1234 1403 Huc
1249 1352 1372 1404 accedere
1381 1351 1464 1403 videri
1481 1354 1563 1423 possit
1576 1356 1654 1408 series
1664 1362 1749 1412 nomi-

140 1431 256 1500 μετέωρα.
273 1431 395 1481 Ceterum
408 1425 533 1497 usquead
543 1426 639 1478 Chimo
654 1427 740 1478 vicum
751 1425 821 1497 apud
833 1427 919 1479 Ptole·
963 1444 1028 1479 num
1038 1428 1108 1499 apud
1122 1430 1268 1483 Hieroclem
1283 1448 1310 1500 p.
1326 1432 1377 1499 733
1392 1430 1524 1494 ;·Πιδονίοι,
1542 1429 1655 1503 ’λντιρρὼ
1664 1438 1673 1502 (
1683 1438 1720 1488 sie
1728 1441 1748 1505 ),

139 1528 234 1561 meeum
244 1509 356 1579 pertinet
373 1504 388 1572 ἦ
402 1510 445 1558 τοῦ
457 1506 591 1575 Μαρεώτου
604 1507 681 1575 νομοῦ
693 1504 820 1573 παράλιος.
963 1506 1062 1575 Δάρνις;
1082 1517 1108 1559 at
1126 1509 1221 1561 Darnis
1235 1527 1288 1561 non
1307 1519 1347 1561 est
1366 1518 1485 1561 nostrum
1499 1510 1598 1574 Derris,
1620 1510 1665 1563 sed
1685 1514 1747 1567 hod,

172 1591 187 1655 ς
206 1594 232 1642 6,
246 1583 575 1654 Γλαῦκον]ΡιυΙοιιιαιιιε
586 1592 715 1635 memorat
725 1581 835 1634 Γλαῦκον
845 1582 919 1652 άκρον
964 1585 1083 1647 Berroia,
1096 1604 1127 1638 ac
1136 1588 1245 1639 omnino
1259 1587 1391 1640 Hierocles
1403 1588 1430 1639 in
1443 1586 1608 1640 recensendis
1619 1589 1681 1643 locis
1696 1610 1750 1645 non

138 1664 231 1734 (quod
251 1674 343 1715 contra
365 1672 429 1714 vett.
445 1671 607 1731 praeceptum
629 1661 657 1712 in
677 1660 787 1712 Γλαυκδν
809 1662 921 1714 mutavit
964 1662 1029 1715 solet
1042 1662 1163 1717 ordinem
1179 1682 1271 1717 eorum
1286 1666 1487 1735 geographicum
1499 1668 1646 1719 accuratius
1657 1668 1747 1721 obsor-

136 1744 268 1811 Wilberg.
286 1743 323 1793 V.
346 1740 466 1793 Eustatb.
486 1757 515 1810 p.
528 1744 590 1807 906,
601 1740 655 1806 la)
670 1748 697 1790 et
711 1739 745 1790 ab
755 1756 787 1790 eo
796 1756 921 1808 promon·
964 1758 1034 1793 rare.
1055 1743 1177 1795 Straboni
1199 1754 1286 1795 autem
1307 1754 1333 1795 et
1357 1743 1498 1795 Ptolcmaeo
1520 1745 1634 1797 innitens
1651 1748 1751 1801 Gallius

137 1824 205 1876 torio
213 1838 334 1873 occasum
348 1836 438 1871 versus
450 1820 479 1870 in
491 1816 687 1869 mediterraneis
699 1816 809 1868 Γλαῦκον
821 1816 919 1881 locum,
963 1819 1290 1891 perturbatasesseperipli
1300 1822 1413 1873 rationes
1423 1832 1449 1874 et
1458 1822 1530 1874 hunc
1542 1822 1594 1875 sere
1602 1824 1628 1875 in
1641 1824 1750 1877 modurn

136 1905 179 1955 cui
194 1904 221 1955 iu
233 1918 279 1953 ora
290 1896 432 1968 respondet
441 1898 469 1949 in
475 1894 570 1949 eodem
578 1894 750 1963 longitudinis
761 1894 845 1963 gradu
857 1897 921 1949 situs
963 1897 1128 1951 adornandas
1139 1902 1240 1953 censuit
1251 1916 1257 1951 :

136 1981 270 2039 Αεώκασαις
282 1978 359 2049 λιμήν
373 1976 383 2047 l
396 2001 407 2021 ·
422 1976 523 2045 Depuis
536 1973 653 2026 Abousir
665 1972 771 2043 jusqu’i
785 1973 809 2026 la
823 1974 922 2042 pande
965 1979 989 2029 Α
1002 1976 1103 2029 Glauco
1117 1976 1198 2047 (lert.
1208 1975 1344 2045 lamara)
1357 1975 1390 2029 ad
1406 1978 1560 2048 leucaspim
1572 1978 1609 2045 (l.
1622 1980 1747 2051 Dresiclt)

138 2058 251 2111 Αλαάιώ
259 2056 283 2109 ie
290 2058 377 2123 rirage
384 2064 411 2106 et
417 2054 441 2106 le
451 2052 511 2124 plus
520 2061 632 2105 souvent
639 2049 723 2103 forme
731 2068 778 2121 par
787 2050 922 2121 unedigue

137 2133 171 2189 de
182 2136 264 2189 sables
271 2132 436 2187 blanditiem
448 2157 459 2177 .
469 2130 590 2201 Paclaop.
603 2129 920 2201 19).1nperiplonostro,

137 2232 221 2285 quum
237 2213 346 2273 Γλαῦκος
363 2211 436 2263 loeus
450 2210 597 2263 accuratius
617 2206 837 2299 nondeliniatur,
855 2226 922 2261 non-
965 2252 979 2303 I
998 2250 1016 2302 d
1058 2250 1110 2304 (Η)
1142 2253 1148 2265 ,
1329 2251 1339 2305 I
1346 2253 1377 2304 H
1394 2252 1398 2261 .

137 2293 208 2345 nulla
219 2290 430 2345 omisissescriba
444 2287 592 2341 censendus
599 2297 649 2350 eat,
660 2297 738 2339 sicuti
749 2296 843 2339 ceteris
854 2304 922 2357 quo·
965 2270 997 2381 1⁰
998 2270 1032 2380 de
1043 2269 1071 2380 ad
1111 2270 1183 2381 “3¹2
1193 2269 1280 2322 ΡΜ·
1295 2252 1328 2319 (⁶
1375 2251 1430 2323 us)
1628 2271 1663 2323 9⁰

138 2390 191 2441 que
207 2372 281 2434 loeis,
299 2369 347 2422 ubi
364 2367 437 2420 nuda
453 2367 563 2419 nomina
575 2366 726 2436 apposuisse
740 2366 803 2416 satis
818 2365 920 2418 babuit.
980 2347 996 2380 ⁰
1017 2347 1053 2382 ⁰³
1084 2333 1165 2401 ΛΜΨ
1184 2348 1226 2383 ¹⁸⁸
1632 2334 1675 2387 ⁸⁰·

137 2450 275 2504 Probabile
284 2465 348 2513 vero
360 2457 400 2499 ast
408 2444 442 2499 ad
457 2446 537 2497 rerba
546 2442 587 2497 ἐπὶ
598 2444 641 2496 τὸν
654 2442 765 2495 Γλαῦκον
778 2442 923 2496 subintelli·
966 2446 1071 2515 Quibus
1088 2446 1210 2500 ludibriis
1229 2448 1365 2500 immorari
1378 2446 1450 2500 baud
1468 2458 1551 2502 vacat.
1567 2450 1671 2518 Quodsi
1691 2469 1751 2523 per-

137 2528 253 2597 gendum
261 2544 318 2580 asse
326 2526 429 2595 λιμένα,
444 2522 510 2576 adeo
521 2532 553 2575 ut
567 2532 685 2592 portum,
697 2538 777 2590 quem
787 2521 923 2575 Λεύκασπιν
967 2525 1104 2578 functoria
1116 2526 1222 2589 rationi,
1239 2543 1292 2595 qua
1310 2544 1357 2579 ora
1372 2526 1469 2596 Libyca
1483 2526 1553 2597 apud
1563 2529 1716 2585 Strabonem
1726 2541 1753 2585 et

138 2607 291 2660 Pwlemaeus
306 2621 367 2656 οιιιιι
386 2600 514 2653 Strabone
533 2597 608 2663 dicit,
626 2599 722 2649 Noster
738 2600 923 2666 cognominem
966 2604 1134 2656 Ptolemaeum
1148 2622 1181 2656 ex
1196 2601 1304 2666 eodem,
1324 2614 1354 2656 ut
1371 2602 1485 2666 rideuar,
1499 2603 1572 2657 sonte
1582 2604 1751 2674 describitur,

138 2686 294 2739 sacellarios
303 2682 343 2734 rel
349 2679 449 2751 oppido
458 2676 659 2731 mediterraneo.
670 2678 820 2745 Utrumque
826 2694 924 2730 nomen
966 2680 1093 2750 majorem
1098 2699 1177 2752 quam
1187 2679 1332 2734 Stadiasmo
1341 2692 1432 2735 nostro
1441 2681 1520 2734 fidem
1531 2683 1646 2737 tribuere
1656 2697 1753 2741 temere

137 2765 172 2817 de
178 2762 270 2817 eodem
280 2762 338 2814 loco
345 2758 466 2829 usurpari
473 2766 584 2827 poterat,
592 2772 676 2825 quum
685 2754 792 2825 γλαυκὸς
797 2755 924 2823 significet
967 2758 1039 2823 velis,
1048 2760 1168 2811 statueris
1174 2769 1219 2811 aut
1227 2758 1319 2811 alteras
1331 2758 1473 2829 Antipbras
1483 2759 1560 2812 luisse
1571 2762 1638 2814 inter
1647 2766 1752 2818 Derrim

137 2844 270 2902 ὐτόλευκος
285 2840 321 2910 (ν.
334 2839 471 2908 Etymld.
482 2852 510 2905 p.
521 2835 584 2899 αδδ,
596 2850 640 2898 ao,
651 2833 712 2887 ooll.
724 2833 844 2887 Eustath.
856 2835 922 2888 inIl.
966 2847 994 2889 et
1011 2838 1140 2891 Glaucum
1151 2839 1161 2905 (
1173 2839 1247 2890 sicuti
1262 2837 1310 2889 alia
1320 2837 1438 2889 locorum
1455 2840 1562 2891 nomina
1575 2841 1668 2911 saepius
1680 2860 1753 2913 repe·

138 2940 166 2992 p.
187 2925 247 2983 116,
261 2935 289 2971 11
302 2921 322 2986 ).
334 2914 414 2984 Quod
426 2913 580 2969 Ptolemaeus
591 2911 728 2981 distinguit
739 2913 806 2965 inter
817 2923 924 2983 portum
968 2927 1061 2969 tuntur
1081 2918 1108 2969 in
1136 2933 1183 2968 ora
1207 2915 1304 2986 Libyca
1319 2918 1346 2983 ),
1367 2927 1413 2969 aut
1431 2915 1464 2969 da
1484 2919 1590 2972 nomine
1617 2920 1683 2984 rici,
1706 2924 1752 2992 qui

139 2996 300 3068 leucaspida
309 3007 336 3048 et
346 2995 476 3048 Glaucum
490 2993 579 3059 vicum
592 2991 829 3054 mediterraneum,
843 2991 869 3043 id
882 3011 925 3046 ne·
967 2997 1100 3064 octoginta
1122 3012 1138 3047 a
1159 2994 1259 3046 Glauco
1270 2992 1354 3047 stadia
1370 2993 1470 3047 distans
1485 2997 1592 3048 navium
1612 3000 1752 3053 stationem

138 3081 193 3132 scio
202 3096 235 3130 an
248 3092 384 3147 perperam
397 3072 451 3124 fiat.
463 3072 569 3123 Etenim
583 3071 687 3140 Libycae
695 3088 748 3122 orae
760 3071 928 3141 regionisque
969 3073 1072 3138 habuit,
1083 3083 1216 3126 auctorem
1226 3072 1318 3142 peripli
1329 3090 1437 3126 errasse.
1451 3075 1549 3128 Seriem
1562 3093 1623 3128 vero
1634 3077 1753 3132 locorum

138 3161 162 3213 ei
183 3156 309 3228 proximae
326 3152 468 3221 descriptio
488 3149 655 3201 vehementer
667 3146 738 3218 apud
755 3148 924 3204 Ptolemaeum
969 3171 1003 3204 ne
1018 3163 1113 3204 mutes.
1128 3151 1168 3205 Cl.
1183 3161 1238 3203 not.
1251 3150 1283 3203 ad
1294 3153 1341 3220 58.
1356 3153 1478 3205 Ceterum
1490 3153 1639 3224 Antiphrdn
1655 3159 1753 3210 mentio

139 3233 247 3286 laborat.
260 3235 352 3302 Neque
360 3229 477 3300 expediri
489 3237 599 3298 possunt
607 3225 803 3297 impedimenll.
815 3227 866 3278 nisi
874 3237 925 3280 sta·
968 3231 1083 3283 occurrit
1097 3232 1174 3282 ctiam
1187 3231 1214 3280 in
1231 3229 1361 3299 Synodion
1374 3229 1516 3297 Gennadii,
1533 3233 1560 3284 in
1571 3250 1625 3303 qua
1639 3234 1752 3288 subscri·

138 3325 197 3366 tuas
206 3313 357 3366 adhibuisse
366 3320 502 3367 auctorem
510 3308 607 3378 partim
617 3305 732 3376 periples
740 3306 836 3375 partim
848 3305 925 3359 itine-
968 3307 1008 3360 bit
1020 3307 1133 3379 Apollon
1146 3306 1275 3377 'Aarlppor
1288 3309 1299 3375 (
1306 3309 1370 3377 sic).

139 3393 220 3455 raria;
231 3392 279 3444 hos
291 3400 378 3442 autem
391 3387 485 3450 lontas,
498 3403 582 3456 quum
596 3383 687 3436 eadem
704 3401 772 3454 saepe
785 3383 842 3435 loca
853 3402 925 3436 com·
1005 3389 1058 3453 58.
1074 3385 1127 3451 τὴν
1141 3386 1263 3456 deppae
1276 3387 1286 3455 l
1297 3386 1326 3437 τὸ
1335 3387 1425 3456 Δέρραν
1437 3384 1535 3450 codem
1548 3385 1577 3439 τὸ
1588 3387 1676 3459 Δάρρον
1687 3391 1752 3446 male

140 3480 325 3533 memorarent,
339 3485 424 3538 neque
434 3466 469 3518 de
483 3465 635 3518 nominibus
649 3481 734 3532 neque
745 3461 779 3514 de
794 3462 925 3516 distantiis
967 3463 1052 3517 edidit
1075 3466 1177 3517 Irlartc.
1198 3464 1319 3516 Straboni
1341 3475 1381 3518 est
1396 3465 1476 3534 Δὲρρις
1489 3464 1579 3535 λιμήνς
1599 3468 1753 3522 Ptolemaeus

140 3551 238 3620 ubique
252 3558 425 3602 consentanea
438 3543 604 3617 prodidisse,
618 3540 732 3611 indeque
745 3540 843 3593 lactum
854 3559 923 3606 esse,
969 3552 1097 3595 memorat
1108 3542 1190 3612 Δέρριν
1205 3542 1291 3612 ἄκραν.
1307 3543 1390 3595 Vetus
1401 3560 1499 3599 nomeu
1517 3545 1634 3610 agnoscis
1647 3547 1673 3598 in
1687 3547 1750 3601 hod.

139 3639 169 3680 ut
189 3628 276 3680 tabula
295 3626 464 3694 effingeretur
479 3639 576 3693 parum
590 3621 733 3680 concinna,
754 3620 782 3670 in
800 3635 925 3688 quequae
968 3619 1086 3672 Dresielr.
1099 3621 1227 3673 Distantia
1244 3619 1388 3673 stadiorum
1402 3619 1426 3688 ζ’
1439 3619 1448 3690 (
1459 3623 1575 3674 sicenim
1591 3623 1641 3691 leg.
1652 3642 1700 3694 pro
1709 3625 1751 3696 ζ’)

139 3705 300 3775 conjunctim
309 3705 372 3775 poni
381 3701 522 3764 debebant,
531 3699 572 3751 rel
581 3697 733 3750 nominibus
743 3695 783 3748 vel
793 3694 923 3749 distantiis
967 3699 1049 3751 nimia
1062 3709 1114 3763 est,
1134 3699 1155 3750 si
1173 3697 1251 3768 juxta
1272 3717 1346 3752 oram
1361 3700 1490 3762 metiaris;
1510 3709 1536 3751 at
1556 3717 1639 3769 quum
1660 3704 1693 3755 ab
1707 3723 1751 3758 oo-

138 3804 275 3856 pcrperam
288 3791 479 3854 separarentur.
488 3808 524 3819 -
534 3780 659 3831 Ceterum
670 3775 764 3829 Strabo
772 3775 843 3842 ¹inter
854 3777 923 3828 Leu-
966 3795 1030 3829 casu
1041 3776 1175 3829 hodiernae
1186 3776 1374 3847 Dresiehjuxta
1382 3778 1442 3830 litus
1449 3776 1622 3848 protendatur
1632 3779 1751 3838 brevium

138 3865 270 3937 caspidem
288 3875 316 3916 et
337 3864 495 3933 egoossema
514 3859 579 3913 alios
597 3857 745 3926 complures
757 3873 813 3908 asse
832 3865 924 3925 portus
968 3866 1080 3920 tractus,
1096 3857 1169 3908 bunc
1190 3856 1212 3907 si
1232 3856 1446 3925 circumnavigcs,
1466 3867 1536 3908 recte
1553 3857 1683 3911 obtinebis
1704 3861 1753 3912 iter

139 3944 231 4008 refert,
246 3943 319 4013 quod
331 3943 359 3994 in
372 3951 426 3992 tam
438 3940 511 3992 brevi
523 3938 607 4008 spatio
624 3934 829 3988 addubitaveris.
845 3935 924 3986 Octo·
968 3935 1112 4002 stadiorum
1129 3954 1171 4004 90.
1193 3939 1280 4002 Quam
1297 3936 1389 3988 Strabo
1403 3953 1485 4006 prope
1503 3937 1606 3988 Derrim
1622 3949 1694 3990 notat
1708 3956 1752 4009 pe·

139 4025 209 4089 ginta
220 4023 307 4075 Nostri
317 4019 400 4072 stadia
408 4018 510 4071 ducunt
520 4015 554 4068 ad
567 4015 641 4068 Erab
654 4013 754 4075 Kulliu,
765 4012 810 4064 ubi
822 4022 925 4064 exstant
967 4023 1035 4066 tram
1046 4016 1164 4082 nigram,
1175 4013 1246 4068 balad
1259 4011 1340 4066 dubie
1353 4030 1422 4064 unus
1433 4022 1472 4064 est
1483 4029 1497 4064 e
1510 4011 1614 4065 duobus
1628 4017 1750 4086 seopulis,

139 4103 232 4154 ruinae.
252 4103 323 4152 Num
345 4097 378 4150 ad
398 4097 513 4149 eundem
535 4096 623 4167 locum
645 4093 774 4162 pertineat
796 4090 921 4152 Lorrmid,
968 4110 1035 4162 quos
1050 4094 1137 4146 Pacbo
1145 4110 1228 4164 prope
1239 4092 1349 4144 Dresielr
1359 4091 1473 4144 exhibet.
1485 4090 1565 4158 Quod
1579 4091 1751 4148 additStrabo

143 4205 154 4223 ι
174 4180 283 4231 cbateau
305 4177 431 4239 retrusio,
444 4176 513 4226 situe
525 4191 577 4225 aux
591 4170 659 4224 bord
676 4170 710 4222 de
727 4169 752 4222 la
768 4165 865 4232 mer,ia
884 4169 924 4220 six
968 4181 1070 4240 petram
1088 4172 1163 4224 istam
1184 4171 1260 4240 δέρρει
1276 4187 1323 4222 seu
1335 4170 1394 4239 pelli
1412 4169 1522 4220 similem
1534 4167 1629 4232 luisse,
1645 4170 1751 4224 sortasse

140 4258 233 4309 heuras
249 4255 283 4308 de
296 4255 412 4307 distance
427 4249 594 4305 deBourdeu
607 4248 715 4316 (Pacho
726 4247 744 4300 l.
760 4247 778 4299 l.
792 4264 818 4316 ρ.
835 4262 864 4298 11
877 4249 920 4314 )‚·
967 4250 1037 4302 inter
1048 4250 1119 4302 lusus
1128 4248 1316 4302 recensendum
1327 4259 1375 4312 est,
1394 4247 1490 4317 quibus
1499 4248 1633 4317 peregrina
1645 4251 1752 4304 nomina

139 4337 236 4388 nescio.
968 4329 1054 4382 Graeci
1066 4328 1194 4399 explicare
1203 4327 1369 4381 adnuebant.
1380 4328 1502 4379 Ceterum
1515 4337 1561 4379 aut
1576 4344 1608 4378 ex
1617 4326 1666 4380 hac
1678 4339 1751 4398 petra

175 4421 190 4484 S
201 4422 217 4471 7
221 4457 228 4468 .
245 4415 305 4467 ’λντ
314 4414 426 4484 lopez]
442 4415 457 4479 ς
470 4414 486 4466 8
501 4410 583 4464 oodex
594 4407 694 4480 prabet
708 4405 810 4460 ἀπὸτοῦ
825 4401 924 4475 λντιρρ’
968 4407 1123 4460 Ptolemaeus
1135 4407 1223 4460 secisse
1236 4405 1429 4474 videtin-Nippur
1439 4404 1525 4473 ἄκραν,
1540 4415 1586 4457 aut
1597 4406 1685 4475 potius
1692 4424 1752 4477 pro-

141 4496 211 4567 (sic).
229 4493 316 4548 Stadia
328 4495 362 4548 so
373 4493 476 4545 adeum
487 4489 590 4543 ducunt
603 4506 655 4540 orae
665 4487 762 4549 locum,
774 4485 819 4538 ubi
832 4487 859 4538 in
871 4503 926 4538 me·
969 4489 1132 4538 montorium
1143 4485 1290 4538 Junreinmlr
1302 4484 1342 4536 vel
1353 4501 1440 4554 prom.
1452 4483 1609 4546 Ηανηαιοὶτι,
1630 4484 1701 4553 quod
1713 4497 1751 4538 est

139 4575 294 4628 ‹literraneis
306 4572 386 4624 situm
406 4582 446 4624 ast
463 4568 665 4624 AbdnAlman.
684 4565 838 4619 Ptolemaeus
851 4565 925 4617 Anti·
968 4565 1045 4616 initio
1056 4565 1129 4616 sinus
1138 4563 1203 4633 ejus,
1217 4566 1243 4616 in
1257 4581 1312 4633 quo
1329 4563 1419 4618 Derris
1432 4561 1503 4614 locus
1520 4563 1584 4614 situs
1593 4573 1657 4626 erat,
1672 4563 1749 4618 etiarn

139 4654 218 4723 phras
229 4652 304 4722 ponit
312 4661 372 4721 post
383 4651 465 4719 Δέρριν
478 4648 553 4718 άνιραν
569 4662 691 4700 occasum
710 4661 808 4696 ver-sus.
823 4641 924 4694 Eodem
968 4644 1055 4714 ipsum
1070 4643 1161 4696 Derris
1177 4641 1335 4695 anonnullis
1348 4641 1506 4704 vocabatur;
1519 4651 1598 4710 atquc
1609 4641 1664 4693 baec
1675 4659 1751 4695 causa

140 4731 201 4784 lacit
211 4730 305 4784 Strabo
316 4748 344 4800 p.
365 4747 432 4798 799,
446 4729 492 4797 qui
506 4726 540 4778 ab
553 4741 648 4778 oeoasu
660 4734 749 4776 ortum
763 4739 854 4774 versus
864 4739 925 4792 pro-
969 4721 1027 4785 suit,
1039 4739 1086 4774 cur
1098 4721 1267 4792 ipsumetiam
1276 4719 1379 4772 Den'irn
1390 4717 1497 4788 ὕρυρμυν
1509 4717 1640 4770 stadiasmi
1649 4717 1681 4770 ad
1691 4736 1752 4788 pro·

80 4807 85 4818 '
140 4809 259 4876 grediens
270 4811 306 4862 ita
315 4808 394 4862 babet
407 4822 413 4858 :
425 4804 492 4858 Eira
502 4803 688 4871 νῆοόςλὲιδωνάα
698 4802 706 4872 (
717 4801 734 4853 l.
745 4800 876 4871 ΙΙηδωνία)
888 4799 925 4850 λι·
968 4802 1130 4853 montorium
1141 4797 1247 4868 aliquod
1257 4797 1375 4850 nonnulli
1393 4795 1526 4849 transserri
1534 4795 1637 4848 vellent.
1647 4796 1689 4848 Sic
1704 4797 1751 4848 Pa·

142 4889 202 4955 ριένα
216 4887 324 4956 ἔχουσα·
341 4883 381 4938 εἶτ
399 4883 519 4954 ’λντὶρραι
533 4881 661 4954 (Ἀντῑρρα
674 4880 759 4933 Strab.
774 4897 817 4948 ap.
833 4878 922 4949 Steph.
967 4880 1052 4949 chop.
1063 4883 1110 4941 lli:
1125 4901 1135 4926 ι
1145 4880 1249 4931 Lenorn
1259 4875 1293 4928 de
1299 4875 1415 4940 Dresielr‚
1426 4876 1520 4945 inquit,
1529 4874 1605 4939 olire,
1614 4874 1632 4926 il
1639 4885 1677 4926 est
1686 4877 1749 4938 vrai,

140 4967 194 5033 B.)
216 4965 301 5035 μικρὸν
319 4964 435 5034 ἀπωτέρω
450 4967 494 5029 τῆς
512 4961 646 5027 θαλάττηςι
664 4959 746 5012 ἅπασα
761 4957 804 5027 μὲν
820 4954 835 5021 ἢ
854 4957 925 5025 χώρα
968 4975 1021 5010 une
1030 4956 1127 5026 grande
1140 4956 1256 5024 analogio
1269 4973 1331 5007 avec
1342 4954 1407 5006 celui
1425 4953 1459 5005 de
1473 4951 1572 5015 Derris,
1586 4963 1646 5021 port
1654 4963 1680 5004 ct
1688 4971 1750 5022 pro·

141 5042 201 5108 αὕτη
217 5043 262 5094 οὔκ
274 5042 375 5107 εὔυινος,
388 5043 466 5097 πλείω
475 5041 610 5111 δεχομένου
624 5041 667 5090 τοῦ
680 5037 787 5107 κεράμου
801 5035 924 5087 θάλατταν
968 5038 1099 5089 montoire
1107 5035 1309 5103 mentionnepar
1315 5033 1564 5102 plusieursauteuts.
1570 5032 1636 5083 Mais
1643 5031 1666 5083 la
1672 5033 1750 5084 situa-

141 5119 251 5185 ᾒοῖνον,
268 5123 297 5173 δν
317 5120 347 5186 δὴ
366 5123 469 5175 καλοῦσι
485 5119 587 5174 λιδυκὸν
604 5119 612 5188 (
627 5117 701 5187 βάκον
719 5117 758 5169 St.
773 5118 816 5179 B.,
842 5115 924 5184 βύκιον
969 5117 1023 5168 tion
1033 5115 1066 5167 de
1078 5113 1196 5175 Dresielr,
1209 5113 1334 5165 enloncee
1351 5110 1532 5180 donsccgols,
1549 5112 1702 5172 nesaurait,
1716 5129 1749 5162 en

142 5199 212 5269 conj.
224 5201 374 5269 Meineke),
393 5198 457 5272 ᾧδὴ
475 5200 563 5270 καὶτῷ
575 5197 681 5268 ζύδῳτὸ
695 5195 759 5249 nott
770 5194 847 5265 ρῦλυν
866 5197 926 5264 χρῆ·
966 5211 1070 5246 aucune
1089 5190 1217 5254 ananiere,
1236 5191 1361 5243 convenit·
1380 5187 1395 5241 it
1415 5206 1450 5240 un
1470 5188 1663 5258 prourontoire,
1683 5197 1707 5239 et
1721 5207 1750 5238 ce

141 5283 238 5330 ταιτῶν
253 5277 438 5340 Ἀλεξανδρέων·
448 5282 600 5348 σκώπτονται
610 5277 636 5329 δὲ
647 5273 785 5348 μάλισταοὶ
796 5273 920 5345 λντάρραι
968 5291 1030 5324 nom
1048 5273 1131 5341 parait
1143 5273 1211 5335 etre,
1231 5287 1333 5322 comme
1345 5269 1471 5340 plusieurs
1485 5276 1584 5330 autres,
1602 5282 1653 5318 nne
1667 5275 1748 5317 trans·

965 2095 1244 2246 Indeqtgdithyrium
1257 2177 1268 2243 (
1280 2173 1342 2228 sort.
1354 2172 1555 2244 Djemmeimult)
1613 2102 1664 2231 δδδ
