3950 5925
121 428 232 505 (reia.)
688 425 876 487 PERIPLUS
906 428 1020 488 PONTl
1042 424 1189 485 Euxini.
1692 428 1748 477 att)

123 556 260 634 βασιλεὺς
268 555 290 615 δ’
298 555 536 634 αὐτῶνἏγχίαλος.
580 554 921 634 ΛίαχελάνιονδίκαὶἹίνιά·
966 583 1028 617 rum
1046 581 1092 617 rex
1107 572 1146 615 est
1160 560 1310 616 Anchialus.
1348 557 1544 611 Machelonibus
1565 568 1590 609 ct
1608 556 1750 609 Heniochis

117 666 190 721 χων
204 643 325 723 ἐχόμενοι
344 645 491 723 Ζυδρεῖται·
513 644 700 723 Φαρασμάνου
717 634 788 702 οίτοι
802 642 921 715 ὑπήκοοι·

121 731 284 807 Ζυδρειτῶν
305 729 333 787 δὲ
355 729 448 797 Λαζοί·
464 730 586 807 βασιλεὺς
603 731 630 789 δὲ
645 734 738 799 Λαζῶν
759 729 921 803 Μαλάσσας,

118 817 158 884 ὃς
176 816 225 889 τὴν
242 817 380 896 βασιλείαν
400 816 475 897 παρά
489 824 534 877 σοῦ
553 817 617 897 ἔχει.
661 820 755 886 Λαζῶν
770 816 797 876 δά
818 816 921 898 Ἀψίλαι
968 809 1054 873 Lami
1067 824 1113 859 Μ
1127 808 1253 859 lfflfflffl
1267 804 1405 869 M³l⁸⁵⁵²⁵r
1420 805 1466 875 (lul
1478 822 1493 857 ³
1507 814 1532 856 le
1546 820 1655 873 mgnum
1669 811 1750 857 lwfll·

79 920 98 957 ³
119 902 564 1070 liiii'dlil‘lldidiiii.
576 894 921 1073 ἰίιχδιαιχιγχὶτιοεδξκόχῦ
966 930 1041 983 rans
1054 929 1158 982 finitimi
1176 929 1285 999 αρσια.
1299 928 1394 999 quinus
1407 927 1648 998 surianusrmpent
1663 944 1668 979 :
1682 926 1751 979 nea

122 1100 176 1154 pm
189 1077 322 1138 mm,
344 1078 390 1136 καὶ
400 1077 537 1137 mm„
551 1016 673 1157 βαέγλὲχς
693 1017 860 1155 Ῥησμὲγαγ,
871 1050 920 1137 ‘up
965 1062 1039 1125 patre
1054 1062 1101 1104 tno
1115 1068 1225 1121 regnum
1236 1050 1344 1119 accepit.
1382 1048 1483 1119 Apsilas
1495 1048 1629 1119 excipiunt
1640 1049 1749 1102 Abasci:

122 1157 211 1232 οὗτος
228 1164 302 1242 παρά
323 1169 370 1223 σοῦ
391 1163 439 1235 τὴν
466 1165 601 1243 βασιλείαν
624 1166 692 1245 ἔχει.
735 1166 871 1227 Ἀῦασιιῶν
893 1163 921 1223 δὲ
966 1174 1130 1228 Λίναοοοτιιιιι
1146 1190 1193 1225 rex
1211 1173 1383 1241 Πίιοαιιιαριιες
1405 1172 1428 1223 is
1448 1182 1622 1241 quoqueute
1642 1188 1752 1240 regnum

122 1254 260 1331 ἐχόμενοι
277 1252 407 1333 Σανίγαι,
429 1251 525 1333 ίναπερ
537 1253 615 1324 καὶὴ
639 1253 836 1320 Σεῦαστάπολις
855 1252 922 1333 ᾤκι-

72 1358 105 1394 ιυ
125 1362 209 1399 σται·
231 1339 351 1418 Σανίγων
370 1338 492 1418 βασιλεὺς
511 1340 659 1418 Σπαδάγας
670 1343 700 1400 ἐκ
713 1346 760 1399 σοῦ
776 1340 824 1411 τὴν
843 1344 922 1419 βασι-

123 1428 211 1485 λείαν
227 1426 294 1507 ἔχει.
967 1430 1015 1482 sita
1029 1430 1199 1498 :Sanigarum
1215 1445 1259 1481 rex
1274 1426 1402 1498 Spadegus
1416 1438 1467 1495 ute
1482 1444 1591 1497 regnum
1610 1427 1698 1480 habet.

967 684 1046 735 vicini
1060 682 1181 753 Zydritae,
1195 682 1375 734 Pharasmane
1387 678 1506 750 subjecti.
1545 678 1657 751 Zydritis
1672 678 1750 730 ricini

966 1300 1091 1353 obtinuit.
1118 1300 1226 1353 Abascis
1235 1298 1392 1351 contermini
1402 1298 1511 1369 Sanigae,
1523 1298 1569 1351 ubi
1579 1298 1753 1369 Sebastopolis

125 1630 299 1682 chirensium
312 1628 385 1682 sedes
399 1627 517 1683 obtinere
527 1630 595 1682 inter
608 1628 773 1701 Ophinntem
789 1641 816 1682 et
830 1631 929 1684 Archa·
970 1630 1035 1696 πλην
1046 1649 1074 1701 γε
1089 1628 1118 1695 δὴ
1131 1631 1169 1681 ὅτι
1179 1630 1272 1699 Πίτραν
1286 1626 1407 1699 Ῥωμαῖοι
1420 1626 1522 1681 ἐνταῦθα
1533 1628 1659 1699 ἐδείμαντο
1668 1631 1753 1700 πρότε-

126 1710 185 1761 bin
200 1708 337 1762 dicuntur.
354 1708 539 1763 Machelonum
556 1712 656 1763 mentio
675 1728 709 1762 an
721 1709 782 1761 olibi
794 1720 928 1773 occurrat,
971 1728 1023 1778 ρον.
1039 1709 1095 1762 ntia
1106 1708 1182 1779 plura
1190 1708 1224 1761 de
1233 1708 1307 1761 Lazis
1322 1727 1347 1761 ν.
1359 1709 1396 1760 ib.
1412 1727 1439 1781 p.
1454 1714 1514 1771 462.
1527 1710 1659 1779 frequens
1671 1711 1754 1779 gentis

127 1789 240 1841 nescio.
263 1787 438 1841 Probabiliter
455 1788 509 1841 bue
523 1789 638 1857 pertinet
650 1787 785 1841 Colchidis
800 1788 864 1841 urbs
878 1788 929 1841 tte·
969 1806 1012 1859 ap.
1029 1789 1186 1859 Byzantinos
1196 1788 1352 1842 mentio.V.
1367 1806 1411 1840 cr.
1431 1806 1470 1857 gr.
1485 1786 1563 1839 index
1573 1788 1606 1841 ad
1623 1791 1665 1841 Fr.
1682 1790 1750 1841 llist.
1779 1790 1782 1797 ’

128 1866 247 1937 χλεααός
264 1884 307 1936 ap.
324 1866 405 1931 Prot,
418 1867 537 1936 quamvis
549 1883 602 1918 non
614 1866 642 1917 in
656 1882 687 1917 αα
697 1874 812 1936 ponatur
824 1866 930 1934 regione
971 1876 991 1919 t.
1002 1868 1051 1930 IV,
1066 1884 1087 1918 s.
1098 1885 1124 1919 v.
1138 1867 1208 1919 Lari.
1223 1868 1233 1934 ll
1246 1896 1281 1905 -
1294 1869 1320 1928 4.
1338 1862 1474 1936 Ἀψίλαι]
1487 1865 1586 1919 Plinius
1596 1869 1646 1931 VI,
1662 1870 1688 1930 4,
1708 1873 1752 1931 14:

128 1946 138 1997 i
143 1966 163 1997 n
187 1964 240 2015 qua
254 1944 432 2017 Machelones
441 1946 570 1997 Arrianus
588 1944 707 1997 collocat.
727 1944 858 2013 Populum
868 1962 930 1996 vero
968 1964 1032 2013 gens
1047 1946 1157 2007 Absilae,
1172 1945 1307 1997 castellnm
1317 1946 1512 2019 Sebastopolis..
1526 1946 1615 2017 Steph.
1629 1948 1658 2001 Β.
1676 1964 1681 1997 ;
1697 1945 1755 2021 Ἀψί-

129 2024 210 2077 Ptol.
221 2023 333 2094 appellat
344 2023 491 2085 Manralos,
505 2023 569 2091 V,9
583 2040 611 2093 p.
623 2023 672 2075 351
688 2038 695 2074 :
712 2022 851 2090 Κατέχουσι
864 2020 890 2074 δὲ
901 2020 931 2073 τά
970 2024 1023 2087 λαι,
1040 2022 1109 2086 ἔθνος
1127 2023 1244 2076 Σκυθικὸν
1265 2026 1402 2095 γειτνιάζον
1423 2026 1528 2090 Λαζοῖς,
1544 2026 1577 2086 ὡς
1598 2022 1715 2095 ’Λρριανθς
1729 2025 1755 2078 ἐν

134 2101 188 2171 μὲν
203 2099 243 2153 tet
262 2100 375 2173 θαλάσσῃ
394 2101 472 2153 Ζάλαι
482 2100 492 2172 (
504 2102 541 2153 sic
557 2099 638 2153 codd.
651 2103 673 2169 ),
685 2099 716 2153 τά
729 2100 756 2153 δὲ
770 2100 930 2172 ὑπερκείμενα
971 2102 1081 2173 περίπλῳ
1101 2106 1143 2155 τοῦ
1162 2101 1275 2163 Εὐξείνου
1287 2103 1385 2155 πόντου.
1408 2104 1553 2173 Procopius
1565 2102 1582 2155 l.
1598 2102 1616 2155 l.
1636 2122 1663 2175 p.
1684 2109 1753 2167 468:

130 2181 208 2231 Μάν
217 2180 309 2250 ραλοι
323 2180 483 2251 (λίάρραλοι,
493 2179 623 2250 Μαθραλοι
634 2197 661 2233 ν.
674 2179 692 2232 ί.
707 2179 768 2251 )καλ
779 2179 803 2231 ol
813 2179 875 2232 κατά
886 2177 930 2244 τὴν
970 2181 1020 2233 Τοῦ
1035 2181 1060 2233 δί
1073 2183 1214 2251 μονοειδοῦς
1228 2180 1289 2234 κατά
1305 2181 1348 2253 μὲν
1363 2179 1407 2247 τὴν
1423 2182 1480 2251 μίαν
1492 2178 1581 2251 ἀρχὴν,
1592 2182 1607 2247 ἢ
1624 2186 1666 2249 τῆς
1681 2182 1756 2245 ’Λοίας

136 2258 309 2329 Ἐκρηκτυιήν
332 2261 343 2327 (
362 2258 532 2329 Ἐκεχειριάων
553 2278 605 2311 sec.
621 2258 690 2329 Scyl.
715 2268 741 2310 et
757 2258 867 2312 Anum?
888 2259 929 2311 Ci.
972 2260 1033 2325 ἐστὶ,
1045 2260 1124 2331 Πέτρα
1135 2260 1151 2327 h
1164 2261 1234 2322 πόλις
1248 2260 1382 2333 ἐτύγχανεν
1395 2255 1472 2325 obeo,
1491 2259 1517 2313 ἐν
1531 2260 1557 2313 δὲ
1570 2258 1599 2326 δὴ
1611 2264 1643 2333 τῇ
1664 2260 1757 2317 ἀντιπί-

130 2342 242 2393 Plinins
252 2343 288 2404 V,
302 2341 317 2393 5
330 2358 335 2392 ι
350 2342 418 2393 Dein
427 2341 523 2403 Rhoas,
535 2340 605 2407 regio
614 2340 773 2409 Eereetiee).
786 2339 861 2392 Idem
871 2358 932 2409 gen·
972 2360 1014 2410 ρας
1027 2340 1089 2411 ἀκτῇ
1099 2340 1160 2393 κατὰ
1168 2338 1212 2407 τὴν
1223 2344 1265 2407 τῆς
1275 2340 1392 2411 Εθρώπης
1403 2343 1491 2411 μοῖραν
1507 2338 1650 2413 ’Λψιλίων
1662 2341 1757 2413 ίηχώροι

130 2420 171 2471 tis
189 2437 287 2471 nomen
299 2429 432 2489 corrupte,
444 2418 597 2484 utridetur,
608 2418 689 2470 habes
700 2436 744 2489 up.
758 2418 872 2471 Plinium
881 2422 930 2483 Vl,
972 2418 1036 2471 ἐστί·
1054 2422 1140 2481 Λαζῶν
1151 2416 1176 2471 δὲ
1189 2416 1306 2483 κατήκοοί
1318 2416 1363 2470 εἰσι
1372 2418 1414 2470 ναὶ
1424 2419 1563 2489 Χριστιανοὶ
1577 2418 1603 2473 lx
1615 2420 1720 2473 παλαιοῦ
1733 2422 1758 2473 ol

132 2502 165 2561 4,
182 2501 201 2566 ς
219 2514 271 2549 12:
292 2501 326 2550 In
337 2516 385 2550 ora
402 2497 548 2561 Heniochi,
567 2500 719 2568 Anrprentoe
735 2497 897 2568 (Manralaei
908 2500 930 2566 ),
976 2495 1085 2570 {tplinon
1100 2497 1141 2550 Cl.
1167 2496 1258 2567 ’Λθιλία
1278 2499 1349 2567 regio
1363 2497 1433 2567 apud
1451 2496 1627 2553 Menandrum
1642 2501 1755 2553 Protert.

132 2576 510 2647 mamistanensem,
523 2574 588 2628 Isis.
599 2573 641 2626 Ad
654 2574 759 2627 Arriani
771 2574 857 2626 locum
869 2592 932 2645 pro·
972 2576 1006 2629 sr.
1020 2593 1054 2629 αα
1073 2578 1100 2629 in
1115 2578 1159 2629 Fr.
1174 2578 1242 2629 Hist.
1257 2578 1306 2641 IV,
1324 2595 1350 2647 p.
1366 2577 1427 2629 230.
1457 2578 1467 2645 ΙΙ
1481 2606 1516 2617 -
1531 2595 1557 2645 7.
1578 2572 1720 2630 ’Λθασκοί
1733 2581 1754 2649 ].

132 2655 202 2724 pius
215 2653 316 2706 accedit
329 2652 402 2724 quod
419 2652 492 2723 apud
506 2652 653 2705 Luciauuru
671 2650 718 2721 (iu
733 2652 830 2704 Toxar.
846 2671 871 2705 c.
885 2657 930 2715 44.
973 2656 1064 2726 Steph.
1077 2658 1140 2726 Byz.
1154 2673 1160 2708 :
1173 2655 1306 2725 Σαννίγαι,
1324 2654 1392 2716 ἔθνος
1401 2655 1502 2715 Σκυθίας
1511 2656 1562 2716 τοῖς
1574 2652 1700 2724 ’Λθαογοῖς
1711 2677 1756 2709 πα-

133 2752 165 2803 p.
180 2734 235 2794 438
247 2732 339 2786 Didot.
353 2733 363 2805 l
378 2733 435 2803 lego
448 2750 455 2785 :
468 2732 624 2803 Τιγραπάτης
637 2729 651 2782 θ
662 2732 748 2791 Λαζῶν
759 2731 878 2797 δυνάστης
891 2732 933 2784 καὶ
972 2734 1126 2806 ρακείμενον.
1140 2736 1203 2787 Ηεεο
1211 2732 1303 2805 procul
1312 2733 1394 2785 dubio
1405 2752 1438 2786 ex
1451 2734 1575 2797 Arriano,
1587 2734 1632 2787 ubi
1646 2733 1758 2806 ’Λῦασγοὶ

138 2812 297 2882 Ἀδύρμαχος
316 2812 331 2864 δ
351 2812 543 2882 Μαχλυηνῆς
564 2808 660 2879 άρχων.
684 2808 832 2861 lleniocbos
854 2809 932 2880 pleri·
973 2813 1155 2883 reponendum
1172 2812 1286 2877 tliieris,
1307 2813 1356 2865 nisi
1371 2814 1448 2865 etiam
1464 2811 1532 2865 inira
1548 2812 1757 2875 Ἄθασκοςίίιι-

134 2910 194 2960 que
209 2892 291 2959 magis
312 2890 419 2943 boream
440 2906 531 2941 versus
550 2898 664 2959 ponum.
685 2886 755 2939 Vide
771 2887 806 2939 de
819 2887 860 2939 his
873 2899 930 2940 not.
973 2894 1031 2943 vius
1046 2902 1205 2956 occurreret,
1223 2894 1269 2964 qui
1290 2908 1450 2962 quamquam
1467 2908 1521 2943 non
1536 2891 1563 2945 in
1578 2894 1709 2962 regionem
1724 2895 1758 2948 ab

135 2971 174 3023 od
198 2971 299 3041 Scylac.
317 2974 332 3038 5
350 2975 394 3038 76.
412 2971 472 3038 ΙΙ-
489 2984 516 3020 2.
534 2967 659 3036 Ζυδρεῖται
678 2966 783 3019 aliunde
796 2985 850 3019 non
864 2969 931 3020 noti.
973 2972 1088 3024 Arriano
1108 2971 1215 3024 Abascis
1229 2971 1382 3040 assignatam
1397 2968 1476 3034 cadit,
1492 2971 1518 3022 in
1537 2979 1609 3024 tanta
1622 2982 1708 3024 tamen
1724 2973 1758 3026 dc

136 3049 239 3102 Strabo
256 3061 283 3102 et
303 3050 446 3119 Dionysius
462 3045 539 3118 juxta
552 3045 702 3099 Heoiocbos
719 3056 824 3115 ponunt
839 3047 933 3115 Zygios
973 3050 1014 3102 his
1031 3050 1109 3102 rebus
1120 3049 1308 3103 sententiarum
1323 3049 1455 3114 varietate,
1471 3049 1514 3100 rix
1531 3059 1571 3102 est
1583 3067 1599 3100 ιι
1609 3051 1700 3121 populi
1714 3070 1758 3102 co-

138 3134 191 3196 (v.
202 3129 295 3199 Scylax
309 3131 368 3197 §76
378 3137 434 3178 not.
446 3129 466 3195 ).
478 3130 514 3179 At
525 3125 553 3177 hi
568 3125 602 3177 nd
613 3124 736 3176 nosnihil
748 3125 933 3194 pertinent.Ni
973 3129 1104 3197 gnominis
1114 3129 1240 3182 memoria
1254 3125 1440 3198 sejungendns.
1453 3125 1554 3178 Eodem
1569 3126 1649 3178 morlo
1661 3145 1756 3195 nomen

141 3207 508 3278 lallor,adZydritesnoetros
515 3202 934 3275 pertinetColcbidislocusZabple
973 3207 1098 3261 scribitur
1110 3225 1152 3278 ap.
1162 3209 1274 3277 Procop.
1290 3205 1308 3259 l.
1325 3206 1341 3258 l.
1359 3207 1407 3270 IV,
1423 3207 1438 3258 3
1451 3223 1479 3276 p.
1493 3209 1541 3274 471
1557 3221 1562 3256 :
1580 3206 1648 3258 ίίίετὰ
1659 3207 1684 3259 δὲ
1698 3205 1757 3278 Ἀψι-

139 3306 186 3358 ap.
196 3286 310 3340 Ptolem.
321 3287 356 3349 V,
366 3304 392 3353 9.
405 3285 416 3353 ΙΙ
425 3313 462 3324 -
471 3284 498 3336 3.
508 3284 601 3354 Λαζοί]
613 3284 688 3344 Λάζοι
699 3301 763 3351 vgo;
775 3283 851 3343 Λάζαι
863 3284 931 3336 Gail.
973 3287 1041 3348 λίους
1058 3307 1085 3340 τε
1105 3287 1145 3340 καλ
1160 3291 1202 3339 τοῦ
1217 3287 1360 3357 μηνοειδοῦς
1372 3283 1417 3352 τὴν
1435 3284 1516 3355 ἑτέραν
1530 3283 1608 3355 ἀρχὴν
1627 3285 1649 3348 ἐς
1659 3284 1701 3352 τὴν
1712 3307 1757 3340 πα-

140 3367 253 3420 Ρτίιιιυε
262 3365 345 3434 gentis
361 3363 483 3416 meminit
498 3362 599 3415 Plinius
609 3361 627 3415 ί.
639 3361 658 3416 l.
670 3363 697 3414 in
711 3360 804 3415 iisdem
815 3361 931 3427 sedibus,
974 3366 1061 3436 ραλίαν
1077 3365 1190 3436 ’Λθασγοὶ
1203 3367 1312 3437 ᾤκηνται
1323 3365 1382 3436 ἄχρι
1391 3364 1414 3427 ἔς
1429 3365 1459 3418 τὰ
1470 3365 1592 3416 ίίαυκάσια
1604 3366 1647 3436 θρη
1661 3367 1758 3432 διήκον·

140 3461 212 3516 quas
226 3448 288 3497 Arr.
305 3445 428 3512 assignat.
444 3441 523 3512 Apud
538 3440 706 3494 Ptolemaeum
721 3440 738 3493 l.
750 3440 768 3492 1.
783 3441 859 3502 Λαζοί
871 3443 934 3493 εστὶ·
973 3465 1022 3508 τες.
1033 3445 1064 3498 Ol
1076 3445 1101 3498 δὲ
1119 3445 1233 3516 ’Λθααγολ
1244 3447 1330 3506 Λαζῶν
1346 3444 1388 3516 μὲν
1399 3443 1515 3510 κατήκοοι
1529 3443 1556 3497 ἐκ
1567 3443 1672 3498 παλαιοῦ
1685 3442 1757 3512 ἦσαν,

140 3535 223 3594 ptum
232 3533 272 3576 est
282 3522 415 3593 econject.
428 3520 578 3589 witbergt,
591 3530 740 3590 antequem
752 3519 826 3572 editt.
841 3522 932 3584 Λοῗζαις
973 3523 1024 3595 άρχ
1025 3543 1092 3586 οντες
1103 3523 1128 3577 δὲ
1141 3523 1270 3596 ὁμογενεῖς
1287 3524 1330 3576 tto
1345 3523 1367 3586 ἐς
1379 3521 1417 3576 del
1428 3521 1509 3594 εἶχον
1528 3519 1563 3576 ὧν
1576 3523 1659 3593 ἅτερος
1678 3525 1720 3595 μὲν
1736 3524 1759 3587 ἐς

142 3602 252 3656 οοάὶοαε
261 3620 363 3667 omnes,
378 3599 528 3664 utvidetur,
540 3599 628 3663 Ζάλαι,
641 3597 717 3668 cujus
728 3599 847 3652 mutandi
857 3617 933 3653 causa
973 3607 1017 3672 τῆς
1025 3607 1107 3676 χώρας
1122 3603 1153 3656 τὰ
1167 3603 1225 3674 πρὸς
1237 3602 1348 3674 ἑσπέραν,
1360 3602 1374 3655 ὁ
1384 3602 1409 3654 δὲ
1423 3601 1453 3668 δὴ
1466 3603 1547 3672 ἕτερος
1557 3601 1580 3664 ἐς
1590 3603 1620 3656 τὰ
1631 3603 1689 3674 πρδς
1706 3603 1758 3656 dvi-

142 3683 244 3736 idonee
264 3700 320 3734 non
338 3691 408 3745 erat,
432 3697 515 3752 quum
540 3679 617 3732 Salas
635 3679 732 3732 babeas
754 3697 797 3750 ap.
818 3680 934 3734 Plinium
974 3702 1069 3754 σχοντα
1083 3683 1154 3750 ἥλιον
1169 3682 1263 3754 ἵδρυτο.
1279 3683 1310 3735 0t
1325 3681 1351 3736 δὲ
1367 3683 1483 3753 βάρθαροι
1496 3677 1564 3735 οῦτοι
1577 3683 1648 3754 μέχρι
1661 3683 1704 3753 μὲν
1718 3686 1759 3737 καὶ

143 3765 195 3826 vt,
208 3765 235 3824 4,
246 3764 262 3828 §
275 3765 305 3823 14
320 3775 327 3811 ι
340 3758 406 3811 Inde
418 3758 561 3828 udflrrmen
577 3757 685 3810 (harim
696 3776 759 3825 gens
774 3757 850 3821 Λαίαν,
863 3758 934 3812 anti·
975 3761 999 3825 ἔς
1009 3763 1051 3834 ἐμὲ
1060 3763 1124 3830 ἄλση
1138 3782 1164 3815 τε
1176 3763 1217 3814 καὶ
1228 3761 1286 3824 θλας
1305 3761 1428 3826 tattone,
1446 3772 1508 3826 ete,
1519 3779 1577 3832 quae
1589 3761 1660 3833 apud
1673 3765 1757 3833 ipsum

143 3840 207 3912 qnis
221 3838 415 3910 Itlrtlriroplmgi
425 3835 609 3890 dictietnlius
621 3836 712 3889 Sanni.
733 3839 773 3889 De
784 3839 858 3890 Lazis
872 3856 935 3890 vero
974 3841 1134 3912 Procopium
1148 3839 1232 3909 legere
1252 3841 1462 3910 operaepretium
1483 3849 1531 3892 est.
1551 3842 1653 3894 Nomen
1676 3843 1758 3908 gentis

144 3920 180 3973 cl.
207 3917 302 3972 Suidas
316 3935 341 3968 ν.
364 3917 512 3988 Δομετιανός
526 3933 532 3968 :
549 3914 691 3986 Ἀδριανὸς..
710 3915 752 3968 καλ
770 3917 860 3978 Λαζοῖς
880 3915 935 3983 ἤτοι
974 3921 1069 3972 veteris
1080 3921 1107 3972 in
1116 3918 1252 3972 hodiernis
1261 3919 1502 3990 Abasirsuperesse
1513 3918 1624 3972 ridetur.
1636 3923 1671 3973 V.
1682 3922 1759 3974 Gem-

146 4000 257 4069 ίίάλχοις
263 3998 365 4068 βασιλέα
371 3998 510 4065 ἐπέστησεν.
520 3999 631 4050 Luciun.
639 3998 818 4062 Toxar.c.44,
826 4001 935 4051 Memno
975 3998 1010 4050 ba
1026 4001 1054 4050 V
1052 4017 1129 4068 oynge
1140 3997 1207 4050 dans
1220 3998 1245 4049 ln
1255 3998 1348 4051 Russie
1358 3997 1449 4051 rnerirl.
1461 4000 1483 4064 1,
1497 4016 1524 4070 p.
1537 4002 1580 4060 41.
1593 3999 1757 4054 Constantio.

146 4099 172 4132 c.
190 4081 234 4142 54,
246 4077 358 4130 Diodor.
368 4079 443 4129 Teis.
459 4095 502 4147 ap.
514 4077 593 4129 Pbot.
606 4075 670 4128 bibl.
683 4094 711 4148 p.
725 4079 787 4138 218,
801 4080 827 4141 θ,
843 4079 933 4148 steph.
975 4077 1190 4148 Porplryrog.1)c
1204 4075 1275 4129 adm.
1288 4077 1352 4148 imp.
1365 4097 1389 4129 c.
1407 4081 1440 4140 42
1452 4096 1480 4148 p.
1496 4079 1545 4130 182
1561 4079 1647 4129 Bono.
1665 4094 1671 4129 ι
1686 4079 1720 4130 ’ίό
1733 4079 1758 4132 δὲ

147 4161 179 4210 Β.
186 4177 207 4209 s.
221 4175 246 4209 ν.
257 4160 350 4209 Postea
359 4159 489 4209 Lazorum
497 4155 641 4224 genelatius
650 4156 734 4224 patuit
743 4155 781 4207 rel
787 4156 935 4227 complures
975 4157 1173 4226 παραθαλάσσιον
1194 4153 1242 4210 aab
1260 4159 1303 4221 τῆς
1325 4155 1521 4226 συμπληρώσεως
1537 4159 1580 4220 τῆς
1601 4155 1685 4224 Ζιχίας
1705 4154 1757 4221 ἤτοι

148 4247 238 4306 gentes
250 4254 282 4287 eo
301 4237 410 4288 nomine
422 4233 723 4305 comprehendebantur.
741 4236 885 4305 Procopius
901 4239 932 4289 B.
975 4235 1100 4306 Νικθθεως
1116 4237 1228 4305 ποταμοῦ
1243 4233 1334 4300 lerini]
1352 4238 1396 4300 τῆς
1413 4233 1538 4305 ’Λθασγίας
1546 4236 1617 4304 χώρα
1630 4235 1701 4304 μέχρι
1715 4241 1759 4288 τοῦ

147 4320 183 4369 G.
197 4317 247 4378 lV,
258 4331 275 4365 2
284 4331 312 4385 p.
324 4317 375 4383 467
387 4328 393 4365 τ
408 4311 454 4364 Ἐκ
461 4312 487 4364 δὲ
502 4310 659 4382 ’Λψαροῦντος
668 4310 763 4374 πόλεως
772 4313 795 4373 ἔς
806 4313 898 4383 Πέτραν
908 4333 935 4368 τε
976 4316 1080 4385 κάστρου
1093 4313 1327 4384 Σωτηριουπθλεως·
1341 4313 1387 4368 elai
1399 4313 1425 4366 δὲ
1440 4314 1509 4384 μίλια
1523 4312 1553 4366 τ’.
1570 4317 1660 4383 Quum
1670 4314 1758 4368 Zichia

149 4395 222 4448 πόλιν
238 4393 280 4445 καὶ
298 4394 353 4454 τοῦς
371 4395 456 4454 Λαζῶν
478 4392 562 4461 δρους,
582 4387 612 4443 οῦ
629 4389 659 4456 δὴ
680 4391 783 4462 τελευτᾷ
800 4391 936 4456 ὁΕῦξεινος
976 4393 1032 4446 haec
1040 4393 1257 4463 porphyrogeniti
1267 4393 1300 4445 ab
1309 4391 1419 4445 Ukruch
1434 4392 1524 4455 lluvio,
1536 4393 1677 4462 aBosporo
1687 4393 1757 4446 Cirn-

155 4475 253 4536 πάντας,
273 4475 329 4542 μιᾶς
348 4472 414 4524 ἐστιν
435 4469 527 4541 ίημέρας
539 4469 603 4531 tea.
620 4467 763 4542 Ἀπολήγων
780 4471 807 4524 δὲ
820 4471 834 4524 δ
848 4474 936 4536 πόντος
976 4473 1075 4524 rnerico
1089 4471 1157 4523 circa
1173 4475 1224 4524 160
1235 4470 1316 4522 stadia
1328 4468 1450 4535 distante,
1464 4470 1580 4540 incipiat,
1596 4475 1666 4532 2400
1677 4471 1758 4524 stadin

152 4553 255 4607 δνταῦθα
266 4553 383 4624 μηνοειδῆ
393 4552 487 4604 τίθεται
495 4548 540 4616 τήν
550 4550 636 4616 dutrii.
649 4550 773 4622 Ιίαλδμὲν
783 4555 826 4605 τοῦ
836 4573 935 4623 μηνοει-
979 4551 1053 4620 (300
1070 4549 1133 4622 m.)
1153 4549 1280 4602 ducerent
1299 4547 1353 4600 sere
1368 4551 1395 4604 iu
1420 4550 1553 4617 regionem
1575 4549 1757 4621 Sebastopolis.

152 4636 207 4695 δοῦς
222 4633 309 4685 τούτου
330 4632 447 4694 διάπλους
460 4631 484 4694 te
495 4629 648 4696 πεντήκοντά
668 4650 694 4683 τε
712 4631 753 4683 καί
764 4633 936 4696 πεντακοσίους
976 4629 1099 4680 Ceterum
1112 4629 1219 4698 quinam
1230 4628 1263 4680 sit
1272 4629 1392 4700 Nicopsis
1404 4629 1500 4680 lluvius
1511 4631 1521 4696 (
1533 4639 1560 4680 et
1570 4627 1633 4680 urbs
1645 4647 1671 4699 p.
1690 4633 1734 4683 181
1750 4633 1756 4698 J

154 4714 259 4784 μάλιστα
273 4713 383 4774 σταδίους
402 4712 490 4779 διήκει,
511 4710 543 4764 τὰ
560 4709 587 4762 δὲ
610 4709 685 4762 αθτοῦ
707 4711 791 4764 ὄπισθε
812 4710 936 4781 ξύμπαντα
976 4707 1179 4778 etSotcriopolis
1193 4718 1306 4759 castrum
1324 4705 1412 4758 dicere
1426 4707 1522 4759 certius
1534 4723 1587 4759 non
1606 4707 1700 4768 habeo,
1713 4709 1758 4760 scd

154 4793 242 4859 Λαζική
257 4811 283 4845 τε
295 4792 346 4845 ἔστι
359 4791 565 4862 καλάνυμάζεται.
586 4788 656 4841 Λίετθι
673 4788 700 4842 δὲ
712 4789 798 4850 abacia
815 4790 877 4842 κατὰ
891 4788 935 4856 τὴν
976 4786 1111 4858 probabile
1120 4797 1157 4839 est
1167 4786 1339 4856 Soteriopolin
1350 4805 1404 4838 esse
1416 4785 1594 4856 Sebastopolin
1602 4785 1690 4856 ;jnntn
1700 4787 1759 4838 Col-

155 4874 286 4944 μεσάγαιαν
302 4871 412 4944 Σκυμνία
424 4871 458 4942 (³)
472 4889 499 4923 τε
511 4870 553 4922 καλ
571 4866 677 4920 Σουανία
695 4867 758 4922 ἔστί·
779 4873 855 4921 ταῦτα
868 4871 894 4923 δὲ
906 4869 935 4922 τὰ
976 4867 1040 4918 chos
1049 4865 1142 4934 Abasgi
1151 4875 1330 4918 memorantur
1342 4867 1368 4917 in
1377 4865 1545 4936 Theophanis
1556 4867 1619 4936 sz.
1630 4863 1759 4934 fragmen·

156 4951 212 5019 ἔθνη
228 4953 313 5012 Λαζῶν
331 4948 442 5017 κατήκοα
457 4948 576 5018 τυγχάνει
591 4947 659 5000 ὄντα.
673 4946 747 5000 Idem
759 4965 787 5018 p.
803 4951 854 5009 468
874 4964 879 4999 :
899 4947 935 4998 Τὰ
976 4947 1010 5000 tis
1023 4945 1091 5012 (Fr.
1108 4945 1176 4996 Hist.
1191 4946 1240 5007 IV,
1258 4961 1284 5014 p.
1307 4942 1443 5012 271,).Ct⁴.
1458 4943 1616 5012 Agathiasp.
1639 4946 1697 5006 140,
1713 4959 1757 4998 aa.

158 5030 198 5100 μὲν
217 5028 264 5100 γδιρ
282 5029 307 5083 ἐν
328 5028 444 5099 άριστερᾷ
456 5028 584 5088 κατιόντος
602 5029 647 5079 τοῦ
667 5024 710 5096 ῥοῦ
725 5025 864 5090 (Phasidis
882 5025 909 5078 ll.
924 5026 933 5096 )
976 5025 1076 5078 Plinius
1086 5023 1264 5092 Abasgosuon
1276 5033 1413 5076 memorat.
1434 5024 1523 5092 11-9.
1535 5021 1682 5092 Σανίγαι]
1695 5024 1758 5074 For-

160 5107 220 5160 ’Λσία
231 5108 291 5171 ἐστὶ,
306 5107 337 5160 τα
354 5106 380 5160 δὲ
401 5107 426 5160 ἓν
437 5107 504 5176 δεξιᾷ
516 5106 620 5177 ίίθρώπη
641 5107 793 5176 ὠνόμασται.
814 5102 881 5156 Κατὰ
892 5104 934 5173 μὲν
977 5112 1043 5155 tasse
1060 5103 1138 5154 scrib.
1158 5102 1271 5172 Σάνιγαι.
1288 5101 1359 5154 lnsra
1372 5105 1386 5168 §
1398 5119 1431 5171 ²7
1446 5099 1480 5154 tle
1497 5100 1639 5154 Achaeunre
1656 5101 1756 5154 lluvio:

159 5183 200 5239 οῦν
217 5185 260 5251 τὴν
277 5190 320 5253 τῆς
338 5185 455 5257 Εὗράιπης
470 5188 559 5256 μοῖραν
571 5184 697 5255 ξῦμπαντα
715 5186 800 5246 Λαζῶν
822 5183 852 5235 τὰ
870 5183 934 5236 οἰκία
977 5183 1076 5251 διορίζει
1086 5181 1189 5250 Ζιλχυῦς
1203 5181 1244 5232 καί
1254 5181 1361 5250 Σάνιχας
1378 5181 1466 5248 (sie),
1479 5180 1523 5232 ubi
1538 5180 1702 5250 reposuimus
1712 5180 1759 5230 Σα-

160 5266 277 5336 ξυμάαίνει
289 5263 367 5330 εἶναι,
384 5265 423 5320 ἐπὶ
434 5267 523 5335 θάτερα
536 5265 562 5318 δὲ
571 5263 626 5316 οὔτε
639 5264 749 5334 πόλισμά
764 5283 786 5316 τι
798 5262 853 5315 οὔτε
871 5263 935 5314 ἄλλο
979 5260 1056 5329 υίγας.
1075 5259 1150 5329 Λριιιί
1160 5259 1284 5330 Stephan.
1303 5261 1364 5328 Byr..
1378 5258 1394 5308 Ι.
1414 5257 1430 5310 Ι,
1446 5257 1513 5308 crdo
1525 5257 1657 5310 literarum
1670 5268 1759 5329 postn-

161 5365 183 5397 τι
195 5346 310 5416 ὀχύρωμα
326 5343 380 5398 οὔτε
400 5348 485 5416 κώμην
503 5344 556 5399 τινα
568 5344 645 5415 λόγου
665 5344 731 5406 άξίαν
746 5344 820 5406 Λαζοί
833 5343 932 5414 ἔχουσι,
979 5341 1012 5394 lat
1026 5339 1141 5410 Σαυνὶγαι
1149 5379 1156 5407 ,
1171 5338 1248 5410 ithnc
1257 5338 1362 5410 plurimi
1379 5335 1480 5390 codices
1490 5337 1612 5391 exhibere
1625 5337 1758 5404 ridentur,
1770 5335 1774 5342 “
