3950 5925
224 417 281 469 tet
943 391 1121 451 ANONYllll

265 556 312 594 tac.
336 528 619 609 ἈπδἈρρυδισιάδυς,
643 528 740 584 ἐκτῶν
761 523 899 599 εὐωνύμων
921 522 1008 601 ἔχοντι
1092 526 1150 578 185.
1172 524 1212 577 Ab
1222 522 1423 593 Aphrodisiade,
1433 521 1723 593 Pityussamasinistris
1732 520 1838 573 habenti

223 624 271 693 τὴν
288 623 470 689 Πιτυοῦσσαν,
486 615 529 673 tal
544 614 643 695 πύργον
658 612 774 690 κείμενον
791 611 853 690 πρὸς
875 609 924 689 dap

223 707 445 789 προσονομάζεται
459 702 601 783 Ζεφύριον,
615 698 715 759 στάδιοι
727 700 765 775 μ’·
776 697 829 757 cini>
840 697 867 755 δὲ
879 701 925 767 τῆς
936 698 1008 806 {app

926 609 1008 680 ,Ἢῆ
1055 612 1136 664 usque
1159 593 1192 646 ad
1215 604 1315 675 turrem
1339 591 1371 645 ad
1395 592 1607 674 promontorium
1625 592 1751 673 positam,
1767 592 1838 661 quod

1055 678 1162 717 vocatur
1177 663 1350 746 Zephyrium,
1365 661 1448 715 stadia
1472 665 1506 724 Ao
1515 679 1555 743 ,Ua
1574 660 1737 743 Sarpedonm
1748 673 1838 743 autem

224 797 348 869 πηδονύατ
363 794 445 871 άκρας
460 794 495 857 εἰς
510 787 691 869 Ἀφροδισιάδα
706 791 720 845 δ
733 789 814 853 πλοῦς
832 784 943 845 σταδίων
958 807 1009 862 pr.
1054 744 1341 871 giginhiriniilbolplii'liae
1359 730 1393 785 ad
1410 729 1631 803 Aphmdmdem
1643 742 1773 799 ”mimo
1788 742 1839 783 sm·

186 912 199 947 t
266 903 313 943 tut.
334 880 369 937 ‘ll
383 878 411 936 δὲ
424 875 587 958 Ἀφροδισιύις
608 882 694 933 κεῖται
705 874 813 950 ἔγγιστα
832 877 877 943 τῆς
899 870 1009 951 Κύπρου
1093 876 1152 927 186.
1172 860 1343 944 Aphrodisias
1354 874 1474 943 proxime
1484 870 1581 924 abacta
1594 870 1674 941 Cypri
1686 869 1840 923 insulaeacte

224 970 287 1049 πρὸς
300 968 412 1045 Ἀχαιῶν
431 964 530 1039 dxciv,
546 962 606 1045 [ἐφ’
626 959 679 1043 ἣν]
694 960 763 1019 κατά
785 960 907 1039 πρύμναν
923 960 1009 1039 ἔχοντι
1056 961 1228 1025 Achaeorum,
1243 959 1276 1013 ad
1291 977 1369 1031 quam
1384 958 1500 1011 boreales
1511 968 1597 1029 partes
1611 974 1627 1009 a
1640 957 1722 1029 puppi
1734 956 1841 1009 habenti

224 1058 257 1115 τά
269 1056 337 1135 μάρη
348 1057 395 1123 τῆς
408 1052 504 1131 ἄρκτου
516 1050 616 1109 στάδιοι
630 1048 667 1129 ρ’.
1055 1060 1117 1101 sunt
1130 1046 1213 1101 stadia
1228 1048 1287 1101 500.

266 1163 311 1203 tar.
334 1139 397 1201 Ἀπδ
413 1137 606 1218 Ἀφροδισιάδος
620 1135 664 1194 ἐπὶ
675 1134 772 1214 χωρίον
785 1134 945 1209 καλούμενον
962 1132 1009 1191 lii·
1094 1140 1154 1205 187.
1174 1136 1215 1191 Ab
1228 1133 1419 1206 Aphrodisiade
1438 1132 1471 1187 ad
1483 1132 1571 1185 locum
1585 1143 1609 1185 rt
1615 1132 1732 1201 flaviam
1746 1132 1841 1203 Cephi-

225 1253 299 1310 ρισον
311 1229 413 1288 στάδιοι
421 1227 470 1285 λε’.
1056 1240 1113 1273 suin
1124 1223 1166 1273 vel
1177 1222 1303 1275 Melonem
1318 1219 1417 1274 dictum
1430 1219 1512 1273 stadia
1525 1220 1569 1273 35.

189 1342 214 1379 to
266 1338 314 1376 tae.
334 1314 398 1374 Ἀπδ
422 1312 540 1377 Μέλανος
562 1314 682 1385 ποταμοῦ
706 1307 749 1365 ἐπὶ
770 1307 853 1385 ἄκραν
878 1306 1012 1387 Κραυνούς
1094 1311 1153 1361 188.
1174 1308 1312 1361 AMelane
1334 1308 1416 1361 iluvio
1430 1307 1463 1360 ad
1481 1309 1600 1361 Crauucs
1616 1305 1843 1378 (Cruncsrlpro-

226 1403 328 1462 στάδιοι
342 1402 380 1478 μ’.
1058 1396 1218 1447 montorium
1231 1393 1314 1446 stadia
1326 1398 1370 1457 Ao.

225 1637 264 1678 tea
280 1626 313 1688 45
331 1622 475 1676 stadiorum
489 1622 582 1673 itinere
593 1618 747 1671 devenimus
761 1616 859 1669 ferend
873 1615 937 1669 hod.
951 1635 1013 1687 pcr-
1056 1627 1109 1669 tate
1122 1634 1205 1687 usque
1229 1615 1263 1669 ad
1282 1615 1501 1687 Aphrodisiadem
1517 1632 1603 1669 acram
1624 1614 1673 1685 (C.
1695 1614 1844 1687 carattere)

226 1715 254 1753 m
279 1700 506 1761 sarcilem-hacc
528 1699 609 1766 igitur
626 1696 694 1748 soret
716 1694 887 1765 Aphrodisias
913 1704 1012 1745 nostra.
1057 1694 1138 1748 stadia
1151 1696 1194 1759 45.
1210 1697 1258 1749 His
1267 1694 1300 1748 de
1313 1697 1366 1747 situ
1381 1695 1471 1747 insulae
1487 1694 1636 1765 premissis,
1646 1692 1716 1745 redit
1724 1692 1759 1745 ad
1771 1711 1844 1764 para-

225 1783 295 1833 ilinc
303 1780 359 1833 aliis
373 1784 408 1841 Ao
417 1778 506 1831 stadiis
520 1776 665 1828 deserimur
674 1773 708 1826 ad
720 1774 880 1844 Zephyrium
889 1789 1015 1842 promon-
1057 1775 1092 1845 pli
1112 1776 1300 1838 narrationem,
1324 1793 1383 1844 quae
1399 1774 1427 1825 in
1452 1774 1615 1826 extremitate
1635 1772 1732 1825 boreali
1755 1772 1846 1825 insulae

225 1861 325 1913 torinm
342 1859 396 1909 sive
417 1860 486 1927 Ospa
509 1852 650 1907 osculere.
675 1851 742 1904 Inde
765 1853 861 1903 iterum
879 1855 914 1913 Ao
931 1848 1015 1902 stadia
1057 1854 1214 1908 substiterat:
1231 1856 1301 1906 Hine
1312 1854 1391 1923 igitur
1405 1857 1440 1916 Ao
1451 1851 1533 1906 stadia
1543 1862 1605 1904 sunt
1623 1848 1655 1903 ad
1668 1850 1844 1922 Zephyrium,

225 1948 288 1991 sunt
298 1937 334 1990 ἐπ’
344 1937 420 2005 dapar
432 1934 474 1987 καλ
487 1933 561 1987 πόλιν
583 1930 766 2001 Ἀφροδισιάδα,
783 1948 841 1999 quae
855 1930 1015 2001 pertinente
1058 1932 1130 2004 quod
1141 1933 1313 2003 quaerendum
1326 1943 1365 1985 est
1381 1934 1407 1985 in
1418 1934 1601 2003 promontorio
1615 1931 1648 1984 ad
1662 1930 1766 1984 boreale
1779 1932 1845 1987 tatus

227 2020 296 2087 Cape
312 2013 445 2067 Ornnliere
468 2012 576 2063 boream
600 2027 704 2073 versus,
725 2008 772 2060 ubi
791 2008 819 2059 in
835 2008 929 2059 intimo
941 2007 1015 2059 sinus
1057 2010 1306 2081 portus-Cannium.
1320 2010 1386 2063 inde
1400 2010 1433 2063 ad
1445 2014 1499 2082 Cap
1512 2008 1698 2072 Canaliereio,
1715 2010 1749 2061 ab
1762 2028 1845 2081 eoque

225 2110 329 2147 recessu
341 2091 375 2144 ad
388 2090 454 2144 hod.
470 2089 609 2162 Popaduln
622 2089 705 2140 ruinae
719 2084 919 2157 Aphrodisiadis
941 2085 1015 2137 urbis
1057 2087 1089 2140 ad
1115 2088 1207 2141 urbem
1229 2088 1312 2158 Aphr.
1339 2094 1375 2151 Ao
1394 2098 1456 2139 snut
1470 2086 1561 2153 stadia,
1577 2105 1635 2158 quae
1648 2099 1779 2159 postrema
1790 2089 1845 2144 lota

225 2180 376 2242 supersunt.
389 2169 466 2222 Ratio
482 2168 537 2220 haee
547 2186 596 2237 per
614 2184 641 2218 se
653 2166 718 2217 nihil
737 2165 816 2217 habet
831 2182 885 2234 quo
897 2162 1015 2216 offenda·
1057 2167 1124 2219 male
1135 2167 1219 2220 scriba
1231 2168 1361 2219 contraxit
1376 2166 1460 2219 verbis
1476 2182 1482 2217 ι
1498 2165 1535 2219 ἐπ’
1554 2166 1630 2237 άκρσιν
1643 2166 1684 2219 καλ
1692 2167 1766 2220 πάλιν
1781 2167 1843 2239 App.

225 2268 297 2302 mur.
313 2250 380 2301 Fieri
395 2248 466 2300 enim
475 2246 576 2317 potuit,
587 2255 618 2295 ut
628 2244 692 2296 urbs
706 2241 889 2314 Aphrodisias,
900 2240 933 2293 ad
945 2243 1014 2293 occi·
1058 2245 1129 2296 σταδ.
1142 2243 1177 2314 μ’.

226 2326 484 2382 dentalechersoncsi
492 2324 559 2377 latus
568 2325 662 2393 posita,
673 2322 783 2375 alterum
793 2320 901 2374 haberet
908 2331 1014 2390 portum
1093 2326 1108 2391 5
1130 2326 1190 2377 185.
1216 2321 1402 2393 εὐωνύμων]
1426 2321 1557 2393 εὐωνύμων
1579 2322 1647 2393 ὐμῶν
1668 2323 1768 2388 codex,
1790 2344 1843 2379 em.

226 2408 254 2459 in
272 2405 392 2460 orientali
402 2406 482 2457 latere
501 2404 591 2467 situm,
607 2402 650 2453 cui
667 2411 693 2453 et
706 2402 756 2470 ipsi
767 2417 865 2452 nomen
882 2398 1015 2469 Aphrodi·
1058 2400 1127 2454 Gail.
1146 2403 1156 2471 ll
1169 2432 1206 2441 -
1216 2401 1354 2453 Πιτυούσαν
1366 2400 1459 2453 codex.
1472 2431 1507 2441 -
1519 2403 1559 2453 De
1571 2400 1763 2472 Aphrodisiade
1779 2404 1844 2457 urbe

225 2485 305 2539 siadis
318 2495 395 2538 esset.
408 2486 493 2537 Porro
504 2498 588 2552 quum
596 2477 805 2550 apudScylncem
814 2478 914 2546 legatur
922 2495 948 2549 p.
960 2495 1013 2548 77:
1058 2492 1152 2552 praeter
1183 2480 1324 2551 Scylacem,
1349 2479 1479 2547 Plinium,
1503 2480 1673 2535 Ptolemaeum
1694 2482 1728 2535 cl.
1754 2484 1844 2536 Livius

226 2563 303 2635 λιμὴν
321 2562 465 2634 Ἀρροδίσιας
484 2560 526 2612 sal
542 2556 620 2629 λιμὴν
637 2559 728 2629 ἕτερος,
746 2557 831 2610 verbis
842 2554 918 2626 λιμὴν
936 2557 1017 2626 ἕτερος
1058 2560 1185 2622 XXXIII,
1210 2575 1246 2612 ao
1256 2569 1281 2611 et
1299 2558 1411 2611 Diodor.
1431 2558 1508 2623 XIX,
1532 2562 1575 2621 64,
1593 2558 1618 2610 5.
1644 2560 1654 2627 ΙΙ
1669 2558 1728 2611 -ὁ
1745 2560 1845 2621 πλοῦς

226 2643 338 2697 alterum
352 2637 552 2712 Aphrodisiadis
570 2648 677 2708 portum
690 2637 787 2705 signari
800 2634 952 2689 credideris.
969 2636 1016 2688 Fsr
1058 2636 1253 2707 crdhtotpa']
1270 2636 1283 2689 ὐ
1301 2636 1378 2699 πλοῦς
1398 2636 1437 2691 tat
1457 2634 1502 2701 τὴν
1529 2655 1606 2689 αα...
1628 2637 1689 2690 illu
1709 2639 1779 2692 σταδ.
1806 2638 1844 2707 ρκ’

227 2732 316 2775 tamen
328 2718 401 2790 quod
414 2717 605 2770 dubitationem
619 2723 736 2778 moreat,
756 2731 787 2766 ac
797 2712 913 2766 turbatas
933 2714 960 2765 in
972 2732 1016 2766 cc·
1058 2716 1141 2770 codex
1155 2716 1300 2769 secundum
1314 2719 1443 2769 Iriartem.
1456 2716 1574 2769 Millerus
1585 2715 1603 2769 l.
1619 2715 1637 2767 l.
1651 2734 1676 2787 p.
1690 2718 1741 2770 313
1754 2716 1789 2771 de
1802 2717 1844 2771 his

227 2800 287 2853 dice
299 2798 437 2853 Stadiasmi
454 2797 568 2849 rationes
587 2812 643 2846 esse
657 2792 772 2846 suadeat.
788 2792 893 2844 Etenim
911 2793 932 2844 si
949 2794 1017 2845 aPi·
1058 2796 1094 2849 ita
1110 2812 1116 2848 :
1135 2797 1195 2849 rCe
1206 2814 1312 2867 passage
1325 2806 1364 2848 est
1382 2813 1493 2867 presque
1509 2794 1620 2859 illisible,
1641 2805 1698 2847 tant
1714 2796 1845 2849 l'ecriture

228 2890 322 2949 tyussae
341 2877 504 2930 extremitate
527 2872 662 2943 (borcali,
683 2883 713 2925 ut
729 2872 781 2925 hoc
801 2870 944 2923 concedam
957 2870 967 2943 )
981 2870 1016 2924 ad
1058 2885 1096 2927 est
1107 2874 1216 2938 eliacim
1226 2873 1254 2944 je
1273 2876 1327 2927 suis
1343 2873 1488 2945 cependant
1505 2891 1622 2945 parvenu
1639 2870 1653 2925 t
1668 2872 1692 2926 le
1705 2874 1845 2927 dechillrer

229 2954 451 3029 Aphrodisiadem
466 2965 528 3007 snut
541 2951 624 3006 stadia
636 2956 685 3018 Ao,
699 2950 869 3021 consequitur
879 2969 954 3016 eum,
969 2952 1015 3022 qui
1058 2965 1084 3008 et
1094 2952 1141 3024 j’ai
1161 2954 1188 3007 lu
1203 2952 1242 3008 ὲπλ
1259 2950 1303 3019 τὴν
1316 2954 1428 3006 anisiaco
1449 2952 1526 3017 δύσιν,
1548 2953 1593 3022 qui
1607 2963 1656 3018 cst,
1677 2971 1737 3006 saus
1759 2971 1844 3007 aucun

228 3037 262 3090 ab
284 3033 477 3108 Aphrodisiade
497 3032 530 3086 ad
554 3032 714 3103 Zephyrium
735 3032 881 3098 navigaret,
905 3030 1016 3083 insulam
1058 3032 1188 3098 doute,la
1207 3033 1329 3085 veritahle
1343 3033 1452 3105 leqon.·
1473 3035 1644 3102 Quaecunque
1655 3031 1751 3085 horum
1763 3033 1845 3086 codex

228 3117 304 3169 istam
319 3125 418 3184 atergo
431 3113 561 3166 habuisse.
576 3116 614 3165 At
623 3112 719 3164 Noster
729 3109 795 3162 dicit
808 3112 823 3177 5
839 3109 887 3162 185
900 3125 906 3161 t
918 3107 966 3174 άπδ
979 3108 1015 3162 Ἀ·
1058 3111 1162 3177 habeat,
1176 3129 1258 3182 quum
1269 3128 1373 3163 sensum
1384 3129 1438 3162 non
1450 3108 1576 3176 fundant,
1588 3121 1710 3181 corrupta
1721 3121 1791 3163 sunt.
1808 3114 1846 3165 Ae

227 3193 381 3264 ρροδισιάδος
397 3192 429 3246 ἔκ
446 3195 504 3243 τῶν
519 3190 681 3260 εὐωνύμων
694 3187 779 3258 ἔχοντι
790 3185 835 3252 τὴν
851 3187 1014 3242 Πιτυοῦσσσν.
1059 3207 1143 3259 quum
1156 3191 1183 3243 in
1196 3189 1364 3260 sequentibus
1383 3191 1459 3257 (191)
1471 3187 1609 3241 manifesta
1631 3189 1665 3242 sit
1681 3188 1784 3254 lacuna,
1794 3207 1848 3260 qua

229 3271 333 3326 Deinde
344 3287 428 3341 quum
438 3268 508 3322 idem
521 3267 592 3321 dicat
609 3272 625 3336 5
641 3268 709 3322 185:
726 3265 764 3320 ἔπ’
780 3266 874 3336 άιιρυν
893 3266 1015 3320 καλπάλιν
1059 3269 1208 3322 Celenderis
1227 3269 1326 3322 mentio
1345 3270 1475 3340 perierit:
1497 3267 1570 3320 facile
1588 3279 1659 3338 patet
1678 3280 1769 3322 nostro
1788 3269 1847 3322 loco

232 3350 410 3422 Ἀρρυσιδιάδα,
429 3365 529 3418 qttaeras
546 3364 667 3417 quaenam
681 3347 715 3398 sit
728 3345 790 3415 άτρα
802 3345 859 3396 ista.
874 3343 918 3397 Ad
933 3346 1016 3416 ipsam
1059 3347 1138 3400 luisse
1146 3346 1235 3413 ἔπὶτὴν
1244 3347 1484 3417 Κελένδεριν,οιιιμιο
1491 3345 1577 3410 verba,
1586 3347 1698 3416 margini
1706 3345 1847 3416 adscripta,

229 3430 321 3483 urbem
332 3428 403 3481 nulla
413 3436 506 3480 exstat.
524 3426 640 3495 Cogitat-i
654 3423 762 3477 deberet
778 3422 812 3475 de
828 3424 921 3492 exigua
933 3423 1016 3476 litoris
1059 3427 1127 3480 male
1138 3427 1191 3480 huc
1205 3426 1328 3480 translata
1337 3443 1401 3478 esse.
1417 3427 1427 3494 ll
1437 3455 1472 3465 -
1488 3425 1579 3477 στσδ.
1601 3423 1659 3496 ρκ’]
1675 3423 1786 3478 debebat
1796 3431 1845 3494 ρκ’.

227 3509 380 3571 eminentia,
396 3524 455 3577 quae
468 3516 507 3558 est
525 3502 612 3558 media
623 3505 693 3556 inter
706 3501 800 3554 urbem
812 3511 838 3553 et
853 3505 921 3572 Cape
934 3505 1016 3554 Canc-
1062 3506 1073 3574 ll
1090 3536 1126 3546 -
1140 3504 1269 3575 Ἀχαιῶν
1286 3501 1382 3568 άκτὴν
1399 3503 1476 3575 κτλ]
1496 3503 1555 3574 πρὸς
1572 3500 1617 3568 τὴν
1638 3501 1751 3555 λύλιιῖννσι
1770 3500 1847 3567 ἀκτὴν

228 3586 298 3648 licre,
310 3586 337 3638 id
348 3596 535 3655 tamenparum
547 3580 698 3653 probabile,
710 3581 765 3632 imo
774 3580 885 3632 Veneris
893 3597 1017 3650 promou-
1059 3583 1122 3636 κατὰ
1134 3584 1244 3655 πρύμναν
1267 3581 1361 3652 ἔχουσα
1381 3581 1440 3652 πρδς
1455 3581 1486 3634 τὰ
1501 3583 1560 3654 μέρη
1581 3585 1624 3646 τῆς
1644 3581 1733 3652 άρκτου
1751 3579 1846 3634 codex.

227 3665 326 3716 torium
335 3662 369 3714 de
383 3663 525 3733 conspicuo
538 3665 607 3732 capo
621 3659 754 3712 Caralim
764 3669 792 3712 et
806 3660 901 3712 Noster
917 3659 1016 3713 intelle·
1059 3661 1244 3732 Aphrodisiadi
1257 3659 1358 3730 objecta
1372 3671 1410 3714 est
1421 3679 1452 3714 ca
1460 3662 1541 3732 Cypri
1552 3677 1623 3732 pars,
1638 3677 1696 3729 qnae
1705 3658 1775 3730 apud
1785 3661 1848 3712 Pto·

228 3744 296 3795 xerit
308 3753 336 3794 et
346 3741 445 3794 Plinius
457 3741 494 3804 V,
506 3755 556 3792 aa:
572 3738 784 3791 Pmmcntorinm
795 3749 819 3791 et
829 3737 955 3808 oppidum
966 3741 994 3790 V
993 3758 1016 3791 e·
1059 3740 1178 3794 lemarum
1194 3742 1229 3802 V,
1244 3741 1275 3792 13
1286 3758 1313 3810 p.
1335 3741 1386 3791 362
1402 3750 1510 3793 vocatur
1523 3738 1625 3810 Ἀχαιῶν
1638 3737 1709 3804 dard.
1722 3737 1763 3791 Ci.
1776 3739 1849 3792 Stra-

229 3820 307 3880 neris,
318 3837 336 3871 a
346 3837 397 3891 qno
409 3835 538 3890 proxume
552 3820 650 3889 Cyprus
664 3816 761 3870 insula.
777 3817 897 3886 Denique
915 3818 943 3868 in
958 3834 1015 3870 ver·
1059 3819 1094 3872 bo
1106 3839 1134 3891 p.
1144 3824 1195 3874 682
1209 3837 1215 3872 :
1228 3817 1275 3872 εἶτ’
1289 3818 1483 3890 Ἀρροδλσιυν...,
1498 3817 1545 3873 εἶτ’
1561 3809 1687 3890 Ἀχαιῶν(
1696 3815 1751 3870 εἶτα
1762 3819 1849 3888 χάρων

228 3899 269 3951 bis
282 3897 341 3968 πρύς
353 3895 398 3962 τὴν
419 3895 470 3966 Ἀρ.
485 3894 597 3952 olleudit
607 3914 658 3947 vox
671 3895 745 3966 πρὸς,
760 3913 840 3966 quam
849 3911 899 3966 pro
910 3893 951 3960 εἰς,
965 3894 1014 3963 ἐπὶ,
1058 3899 1138 3953 codd.
1153 3899 1161 3970 )
1177 3897 1250 3964 datii.
1270 3898 1349 3967 Quod
1367 3898 1462 3952 iratum
1478 3901 1547 3952 inter
1562 3900 1740 3952 continentem
1751 3907 1778 3950 et
1795 3900 1850 3970 Cy-

230 3976 276 4036 ἕως
292 3977 387 4028 Noster
405 3992 459 4027 non
478 3973 544 4026 solet
565 3991 704 4044 usurpare.
721 3976 789 4041 Quae
806 3991 890 4043 quum
903 3974 938 4026 ita
951 3975 1014 4042 sint,
1059 3997 1137 4050 prum
1158 3971 1323 4048 interjectum
1344 3977 1426 4030 αὐλὼν
1448 3978 1600 4043 vocabatur,
1622 3979 1698 4030 sicuti
1714 3976 1763 4029 alia
1784 3975 1852 4030 lreta

230 4072 321 4107 vereor
330 4071 363 4106 ue
373 4071 509 4124 perperam
522 4052 581 4105 duae
595 4051 800 4122 Aphrodisiades
811 4051 1014 4122 distinguantur,
1059 4058 1167 4123 similia,
1180 4058 1213 4111 ad
1226 4075 1275 4110 nos
1287 4056 1352 4110 nihil
1364 4059 1487 4129 pertinet.
1505 4059 1515 4127 ll
1533 4087 1568 4098 --
1577 4075 1620 4110 ατ.
1635 4058 1677 4127 ρ’]
1696 4058 1783 4108 Recte.

228 4152 260 4187 ac
271 4150 423 4206 persuasum
441 4143 480 4185 est
495 4131 627 4184 tudratam
643 4130 780 4184 Stadiasmi
800 4133 976 4184 narrationem
988 4135 1016 4187 in
1095 4141 1189 4206 5187.
1216 4137 1317 4207 Κῐρισυν
1344 4138 1381 4189 sic
1403 4137 1500 4200 codex,
1521 4135 1630 4189 fortasse
1649 4145 1705 4188 erat
1727 4133 1849 4204 Κηφισόν.

228 4213 297 4266 hanc
316 4209 494 4281 refingendam
509 4228 564 4262 esse
586 4211 761 4263 sententiam:
783 4212 798 4278 5
819 4213 877 4268 18t.
895 4209 1015 4281 Ἀπέχειή
1058 4217 1182 4268 Mensura
1193 4215 1267 4268 ducit
1280 4214 1314 4268 ad
1332 4215 1477 4268 fluviolum.
1496 4217 1583 4284 Pergit
1600 4216 1705 4278 Noster,
1719 4212 1788 4266 nulla
1799 4231 1849 4266 uo·

229 4293 367 4346 Πιτυοΰσσα
378 4290 426 4344 aab
435 4290 590 4361 Χερσονήσου
604 4293 648 4356 τῆς
657 4289 715 4360 πρύς
724 4294 756 4362 τῇ
767 4289 841 4362 tany
854 4291 964 4353 σταδίους
974 4291 1013 4344 π’·
1059 4296 1162 4348 minum
1177 4295 1244 4347 serie
1264 4312 1270 4347 ι
1286 4293 1333 4348 aab
1349 4294 1461 4356 Μέλανος
1474 4297 1602 4366 ποταμοῦ,
1616 4304 1646 4345 ut
1659 4290 1848 4345 intermedium

229 4370 277 4425 ἀπὸ
296 4371 323 4423 δὲ
342 4375 385 4437 τῆς
401 4370 475 4440 άκρας
494 4373 537 4435 τῆς
555 4369 614 4440 πρδς
627 4372 659 4440 τῇ
679 4367 837 4440 Ἀρροδισιάδι
850 4370 962 4431 σταδίους
977 4369 1017 4440 με’
1059 4371 1146 4426 Ιυουιιι
1169 4372 1297 4426 excidisse
1325 4384 1410 4443 putes.
1441 4382 1477 4426 At
1494 4373 1559 4426 nihil
1586 4371 1713 4425 excidisse
1734 4369 1852 4443 probant

230 4451 290 4517 (vel
306 4467 313 4502 2
327 4449 375 4503 ἀπὸ
390 4449 416 4502 δὲ
427 4452 470 4515 τῆς
480 4447 631 4514 Πιτυούσσης
642 4447 682 4501 inl
695 4446 740 4513 τὴν
750 4449 826 4519 ἄκραν
835 4446 880 4514 τὴν
892 4448 950 4519 πρὸς
966 4447 1014 4520 Ἀρ.
1059 4456 1074 4519 5
1089 4456 1137 4522 189
1152 4451 1235 4505 stadia
1257 4469 1316 4506 120.
1331 4455 1415 4506 Porro
1428 4470 1511 4523 quum
1525 4452 1622 4506 Crauni
1634 4452 1849 4523 promontorium

230 4531 324 4582 στάδιοι
348 4528 476 4599 με’)ζ-
492 4530 507 4596 5
526 4527 586 4582 185.
612 4526 669 4580 ‘Aah
684 4532 727 4594 τῆς
744 4528 894 4593 Πιτυούσσης
915 4525 942 4580 ἐκ
966 4535 1015 4581 τῶν
1059 4543 1085 4585 et
1101 4532 1246 4586 Cramhnsa
1261 4531 1344 4584 insula
1363 4531 1547 4604 (Papcdula)
1567 4535 1602 4594 [ιο
1621 4528 1704 4582 stadia
1720 4529 1851 4582 ahIelane

230 4608 360 4679 εὐωνύμων
371 4605 508 4678 ἔχοντιτλν
518 4611 593 4675 νῆσον
604 4605 644 4661 ἐπὶ
654 4607 866 4679 πύργυναελμινον
876 4606 934 4678 πρὸς
943 4609 1014 4680 άκρσρ,
1059 4611 1165 4676 distent,
1184 4611 1265 4664 Melas
1289 4611 1384 4665 fluvius
1398 4610 1492 4663 eodem
1511 4612 1538 4663 iu
1556 4610 1613 4662 loco
1627 4607 1777 4680 ponendus,
1792 4626 1850 4678 quo

229 4689 245 4754 ἣ
257 4689 467 4759 προσονομάζεται
475 4687 600 4758 Ζεφύριον,
612 4689 708 4740 στάδιοι
724 4687 760 4758 μ’.
782 4687 838 4742 Ἀπύ
851 4687 877 4740 δὲ
888 4691 932 4740 τοῦ
941 4689 1015 4758 Zapa-
1058 4690 1186 4762 Cephisus
1197 4699 1261 4743 erat.
1279 4692 1371 4759 Itaque
1382 4699 1440 4760 post
1454 4689 1555 4760 lIlprccv
1572 4687 1671 4742 excidit
1686 4688 1727 4740 καλ
1745 4686 1850 4739 histum

229 4768 282 4837 plor
293 4767 330 4820 ἐπ’
345 4767 422 4837 ἄκραν
439 4764 604 4836 Ἀφροδισιάδα
619 4765 714 4818 στάδιοι
728 4765 761 4817 λ’·
779 4765 827 4820 aaa
842 4766 868 4819 δὲ
881 4770 924 4832 τῆς
940 4766 1015 4837 άκρας
1058 4768 1180 4840 ποταμὸν,
1194 4778 1240 4821 aut
1249 4779 1322 4821 erat:
1340 4765 1379 4820 tet
1392 4768 1504 4838 [χωρίον
1516 4768 1558 4820 καὶ
1567 4765 1677 4838 ποταμύν
1688 4765 1790 4819 Μάλανα
1803 4766 1849 4817 τὐν

230 4844 270 4899 ἐπὶ
286 4846 359 4900 πόλιν
381 4843 548 4916 Ἀφροδισιάδα
562 4846 656 4899 στάδιοι
675 4845 712 4916 μ’.
731 4847 811 4898 Initio
831 4849 908 4914 5184
928 4845 1013 4899 scriba
1059 4851 1121 4920 νῦν]
1137 4847 1291 4917 καλούμενον
1310 4847 1427 4917 Κηφισόν.
1444 4848 1573 4901 Memorat
1590 4846 1721 4899 Melonem
1736 4845 1848 4897 flurium

230 4923 278 4978 άπύ
290 4923 465 4996 Ἀφροδισιάδος
475 4923 565 4989 dedit,
580 4923 652 4994 quod
664 4923 692 4976 id
704 4943 800 4977 nomen
810 4926 929 4995 proxime
940 4935 1013 4978 ante·
1058 4928 1222 4980 Constantin.
1244 4927 1374 4998 Porphyr.
1395 4927 1412 4979 Ι.
1427 4926 1445 4978 l.
1464 4927 1500 4978 V.
1525 4926 1606 4994 5183
1630 4933 1685 4976 trot.
1704 4923 1849 4992 Kiepertus

229 5001 346 5054 cedebat.
368 5001 448 5069 Quod
466 5003 557 5055 vitium
575 5003 602 5054 in
621 5000 713 5054 codiee
734 5013 825 5054 nostm
845 5001 1015 5073 perfrequens
1057 5006 1178 5058 Melantis
1193 5023 1290 5058 nomen
1306 5003 1339 5056 nd
1356 5005 1434 5056 alium
1451 5004 1558 5056 fluvium
1579 5001 1714 5071 majorem,
1727 5001 1771 5070 qui
1787 5011 1850 5069 post

229 5090 278 5132 est.
293 5083 351 5132 lam
370 5081 450 5150 igitur
463 5080 528 5134 dicit
545 5091 638 5134 auctor
655 5079 763 5134 boream
785 5099 873 5134 versus
886 5100 902 5134 a
916 5080 1015 5134 boreali
1059 5102 1094 5154 70
1104 5081 1187 5137 stadia
1200 5085 1328 5154 seqnitur,
1339 5083 1479 5136 transtulit.

230 5157 320 5212 insulae
332 5162 493 5213 extremitate
506 5159 540 5212 ad
549 5160 681 5230 Mylnrum
696 5160 880 5213 chersonesum
893 5179 948 5213 esse
963 5172 1015 5213 sta·
1096 5165 1111 5230 5
1125 5168 1183 5218 188.
1202 5161 1376 5234 Κρουνούς]
1390 5161 1519 5232 Κρτύνυνς,
1532 5163 1581 5227 ct§
1594 5161 1642 5228 189
1657 5157 1770 5226 Κραυνῶν
1780 5158 1846 5210 cod.

230 5237 274 5292 dia
289 5243 332 5300 -Jo,
343 5237 479 5292 meridiem
495 5257 583 5293 versus
595 5258 609 5293 a
621 5239 784 5293 meridionali
796 5241 1015 5295 insulaeextrcmi·
1063 5241 1155 5297 (runis
1176 5241 1262 5294 locum
1287 5252 1413 5295 rstemorat
1430 5239 1497 5294 Tab.
1522 5241 1595 5294 Pcut.
1616 5248 1641 5290 ct
1665 5237 1761 5305 Geogr.
1778 5237 1847 5288 liar.
