3950 5925
239 422 293 472 ιιο
859 407 910 465 nx
932 377 1251 467 aotrt'ttncntnn'
1747 388 1855 463 aaa,

158 541 227 590 l'lt'tl·
238 540 321 610 άλλην
334 542 379 597 τοῦ
392 540 482 616 καιροῶ
496 534 605 603 διέξοδον
628 534 674 591 οὐκ
687 532 801 612 ἔχοντος.
846 532 932 594 ’Eub
945 535 972 592 δὲ
987 534 1018 593 τὸ
1065 559 1117 593 nott
1129 538 1259 611 patefacit.
1282 534 1404 604 Prolapsa
1419 532 1497 601 igitur
1511 548 1542 582 εκ
1559 530 1710 581 continente
1724 544 1854 597 petcussu

236 631 301 707 ζῷον
324 628 354 684 ta
375 629 421 697 τῆς
443 627 546 701 πληγῆς
567 622 612 679 καὶ
634 626 680 693 τῆς
696 621 869 702 αἱμορραγίας
890 622 978 700 πέσῃ,
994 626 1017 681 ol
1064 637 1090 679 et
1101 624 1233 694 sanguinis
1244 621 1375 693 prolluvio
1391 619 1489 680 bestia,
1502 616 1572 669 illico
1584 614 1729 667 venationis
1740 614 1853 667 comites

236 712 396 793 συνθηραταὶ
411 710 598 790 παραγίνονται
610 709 654 766 ἐπὶ
668 709 696 766 τὸ
716 713 834 785 πτῶμα,
847 709 949 768 καὶτοῦ
971 716 1019 780 θη·
1064 722 1126 765 sunt
1141 720 1250 781 praesto,
1264 707 1381 777 tlurnque
1391 704 1479 757 adhuc
1490 703 1564 765 vivit,
1577 718 1668 753 carnes
1679 718 1712 752 ex
1721 700 1854 771 posterio-

236 802 290 880 ρίου
315 804 407 868 ζῶντος
426 797 465 857 έτι
478 796 689 877 παρατέμνοντες
703 800 734 855 ἐκ
750 800 801 854 τῶν
824 797 949 855 ὀπισθίων
971 799 1018 863 τὰς
1065 800 1138 852 ribus
1149 806 1280 859 resecant,
1293 805 1318 847 et
1336 794 1447 847 hilarem
1458 788 1613 844 admodum
1625 787 1687 841 inde
1706 789 1852 841 convivan-

208 888 333 967 σσάρκας
347 890 522 966 εὐωχοῦνται,
539 885 583 943 τὸν
604 885 716 964 ἔσχατον
731 891 775 943 τοῦ
796 875 1019 959 καταπονηθέντες
1065 900 1118 939 tur.
1157 890 1244 955 Atque
1259 883 1313 937 iera
1330 884 1366 935 ita
1378 881 1479 934 dotnita
1493 879 1603 949 longum
1615 888 1641 931 et
1651 887 1768 930 atrocem
1783 878 1851 930 inte·

235 974 314 1039 οθτως
329 972 500 1050 ὑπομένοντος
512 972 633 1033 θάνατον.
1064 974 1145 1026 ritum
1158 972 1278 1024 sustinet.

274 1082 311 1121 σε.
328 1060 398 1119 Ἀλλ’
411 1062 436 1120 ol
450 1060 499 1137 μὲν
512 1060 580 1136 μετὰ
594 1066 638 1119 τοῦ
654 1062 769 1140 έσχάτου
781 1060 900 1120 κινδύνου
912 1064 1018 1143 έλεραν·
1100 1070 1143 1133 54.
1164 1070 1205 1121 Sic
1218 1084 1282 1137 ergo
1296 1084 1324 1119 se
1334 1064 1433 1118 habent
1446 1065 1464 1117 ii
1476 1063 1522 1134 qui
1534 1078 1596 1115 cum
1608 1071 1726 1114 extremo
1738 1062 1797 1114 vitae
1807 1076 1853 1131 pe·

233 1154 342 1228 *θθῆραῑ
363 1153 492 1207 τοῑθῧῖθῑ·
521 1148 605 1229 im
628 1148 656 1207 δὲ
681 1153 794 1229 θηρῶσῑν
818 1150 910 1217 αὐτοὺς
937 1152 1016 1211 οὕτω·
1064 1166 1147 1219 tietdo
1166 1166 1315 1236 elephantos
1335 1172 1473 1215 venantur.
1511 1160 1578 1214 Sunt
1595 1158 1637 1212 alii
1657 1159 1703 1229 qui
1721 1157 1850 1211 diversam

234 1238 312 1317 Τθννέ
327 1236 417 1316 ἄνδθν(
433 1234 461 1294 ἓν
478 1235 526 1312 pti
544 1234 646 1316 ἔχοντες
667 1236 1019 1309 τόέννιθνπννςδνπνννθνς
1064 1260 1240 1335 eoscapiendi
1252 1262 1382 1314 rationem
1393 1258 1496 1311 ineunt.
1533 1258 1593 1309 Viri
1606 1257 1678 1309 enirn
1691 1256 1777 1320 terni,
1797 1274 1851 1307 nno

196 1345 222 1383 to
237 1324 423 1403 κιχραμένους
444 1347 476 1402 τη
491 1325 559 1403 χολῇ
575 1327 627 1382 τῶν
644 1324 736 1403 ὄφεων,
756 1328 860 1384 ἑστᾶσιν
882 1329 909 1384 έν
928 1327 1018 1406 δρυμῷ

233 1410 307 1489 παρὰ
320 1410 366 1478 τάς
377 1414 429 1469 τῶν
441 1411 537 1488 θηρίων
557 1411 693 1479 διεξόδους.
738 1411 826 1471 Ἐπδιν
837 1402 881 1471 σύν
895 1414 1017 1492 προσάγῃ

233 1498 263 1557 τὸ
277 1502 355 1577 ζῷον,
370 1502 384 1557 δ
399 1498 447 1575 μέν
466 1490 502 1565 εἷς
515 1500 622 1579 κατέχει
640 1499 671 1559 τὸ
681 1498 754 1567 τόξον
770 1502 808 1579 τῷ
822 1500 883 1558 ποδὶ
902 1501 1016 1579 προσθε-

234 1586 334 1663 όηκὼς,
350 1590 374 1646 ol
392 1586 419 1645 δὲ
434 1586 480 1645 δύο
492 1585 541 1658 τὴν
555 1586 648 1667 νευρδιν
664 1587 819 1653 ἑλκύσαντες
835 1590 865 1647 ἐκ
884 1592 930 1659 τῆς
942 1588 1018 1647 διτά-

234 1698 282 1746 σης
301 1674 359 1753 βίας
378 1677 484 1755 ἀφῆκαν
499 1674 529 1733 τὸ
551 1674 639 1752 βέλος,
660 1675 706 1732 ἕνα
731 1675 827 1734 σκοπὸν
851 1674 954 1756 ἔχοντες
974 1678 1017 1734 ἐπὶ

192 1784 217 1825 ιε
235 1762 316 1839 μέσην
331 1756 378 1835 τῆν
390 1760 516 1843 πλευρθν,
534 1760 602 1820 diors
619 1762 739 1821 διανύσαι
750 1767 797 1834 τῆς
810 1766 935 1842 περιοχῆς
947 1764 1019 1832 latit<

233 1849 279 1909 καὶ
292 1851 351 1917 τοὺς
364 1850 472 1930 κυρτοθς
485 1858 573 1925 τεμεῖν
586 1852 631 1909 καὶ
643 1854 744 1930 τρῶσαι
755 1850 858 1918 τόπους·
872 1854 968 1911 έκεῖθεν
986 1854 1017 1911 τὸ
1062 1855 1197 1917 penem,
1216 1856 1243 1899 02
1261 1843 1374 1897 (levem
1396 1842 1451 1896 lllffl
1472 1850 1541 1893 ⁵00st
1559 1857 1591 1892 ⁸⁰
1611 1838 1729 1892 Wlfl‘voel
1752 1848 1850 1909 Pfflss·

232 1941 384 2011 τηλικοῦτον
399 1939 487 2018 θηρίον
501 1938 675 2015 έλαυνόμινόν
696 1962 725 1997 τε
739 1939 784 1997 καί
800 1940 1016 2018 σπαραττόμενον
1062 1945 1131 1997 Hine
1152 1952 1255 1995 tantum
1275 1940 1336 1994 lerae
1355 1950 1503 1993 monstrum
1526 1936 1618 1989 dolore
1648 1934 1803 1989 convulsum
1826 1946 1852 1989 et

233 2024 366 2085 διαλύεται
379 2028 425 2085 καὶ
436 2026 538 2088 πίπτει.
1062 2038 1189 2105 agitatum
1201 2033 1359 2103 elanguescit
1370 2043 1396 2085 et
1404 2029 1566 2103 procumbit.

1064 1361 1183 1413 instructi
1195 1376 1258 1412 arcu
1269 1368 1295 1410 et
1306 1356 1406 1427 sagittis
1415 1354 1536 1427 pluribus
1546 1352 1604 1406 selle
1614 1353 1740 1423 anguium
1751 1352 1849 1417 tinctis,

1063 1456 1096 1509 ad
1110 1458 1195 1509 exitus
1208 1454 1354 1507 belluarum
1368 1454 1396 1505 in
1410 1451 1656 1507 saltu.consistunt.
1693 1450 1720 1503 Si
1736 1466 1788 1519 qua
1803 1448 1851 1517 igi-

1063 1564 1108 1605 tur
1119 1550 1233 1616 accedit,
1256 1568 1325 1603 unus
1339 1566 1430 1602 arcum
1450 1544 1512 1619 pedi
1527 1544 1665 1599 admotum
1685 1554 1773 1610 tenet,
1796 1543 1852 1597 duo

1063 1650 1155 1720 reliqui
1166 1666 1269 1701 summa
1279 1649 1304 1698 vi
1315 1656 1399 1701 tracto
1408 1662 1490 1698 nervo
1501 1643 1583 1697 telum
1594 1619 1728 1707 emittunt,
1739 1642 1772 1695 ad
1784 1640 1852 1695 latus

1064 1746 1180 1801 medium
1200 1746 1278 1797 unice
1291 1742 1437 1807 directum,
1453 1752 1483 1795 ut
1500 1739 1534 1793 ad
1555 1740 1680 1793 interiora
1699 1738 1852 1809 complexus

272 2134 309 2171 ts.
331 2112 426 2191 Τρίτον
440 2112 467 2171 δέ
480 2116 535 2172 ἐστι
547 2114 619 2191 γένος
631 2113 875 2195 Ἐλεραντοράγων,
885 2114 900 2173 θ
912 2116 1016 2174 ἐπειδὰν
1099 2126 1142 2179 55.
1161 2128 1281 2180 Tertium
1294 2140 1401 2196 quoqne
1417 2118 1681 2193 Elephantophagtlm
1696 2134 1778 2188 genus
1795 2128 1850 2183 est,

193 2222 220 2260 ²⁰
234 2203 257 2257 ον
271 2200 466 2279 enesaunt<
481 2202 839 2282 vontctpqopatttmptg
858 2202 939 2263 ὕπνον
952 2227 1017 2283 sps·
1064 2216 1109 2284 qui
1128 2214 1201 2268 hunc
1218 2214 1364 2267 venationis
1384 2210 1494 2264 modum
1518 2218 1632 2262 servant.
1670 2207 1785 2275 Quando
1800 2207 1852 2260 ele·

232 2286 328 2345 πέσθαι
340 2291 465 2366 ζητῶσιν,
476 2322 516 2334 -
525 2292 572 2348 οθκ
585 2291 631 2347 ἐπὶ
643 2294 690 2367 γῆς
701 2289 727 2347 δὲ
738 2290 911 2358 ἀναπεσόντας
921 2294 1017 2351 ύπνοῶ·
1063 2302 1174 2373 phantes
1186 2290 1220 2355 ad
1232 2302 1376 2354 satietatem
1389 2300 1456 2371 pasti
1468 2298 1588 2351 cubitum
1599 2314 1627 2350 se
1640 2296 1780 2367 recipiunt,
1797 2314 1853 2348 non

233 2375 362 2454 σιοᾶλλθ
373 2384 426 2444 τοῖς
437 2376 598 2456 reposera<
609 2375 654 2434 καὶ
665 2377 795 2456 μεγίστοις
810 2377 925 2458 δένδρεσι
932 2402 1016 2459 προσ-
1064 2388 1139 2441 humi
1150 2388 1354 2460 procumbentes
1364 2384 1515 2447 dormiunt,
1529 2382 1574 2437 scd
1588 2384 1681 2437 ansts
1692 2393 1718 2435 et
1730 2383 1853 2435 maximis

234 2462 415 2529 ανακλίνοντες
434 2462 557 2535 ἑαυτοὺς,
572 2462 640 2521 ὥστε
658 2463 717 2531 τοὺς
737 2462 784 2539 μὲν
800 2464 845 2523 δύο
861 2464 943 2533 πόδας
959 2465 1018 2533 τούς
1062 2474 1202 2527 arboribus
1220 2492 1248 2525 se
1261 2472 1406 2535 aeclinant,
1421 2481 1451 2523 ut
1462 2468 1541 2541 pedes
1553 2470 1634 2539 stipiti
1645 2468 1759 2541 proximi
1776 2479 1854 2521 tetrae

233 2550 345 2621 πλησίον
359 2555 406 2609 τοῦ
418 2550 557 2629 στελέχους
571 2550 635 2631 πρὸς
646 2551 694 2623 uls
714 2556 764 2628 γῆν
778 2553 896 2633 ἐλαφρῶς
916 2554 1018 2633 irrepsi·
1065 2562 1156 2613 leviter
1165 2562 1321 2623 innitantur,
1334 2570 1360 2612 ct
1371 2558 1438 2611 latus
1447 2556 1518 2628 quod
1532 2567 1617 2610 toturn
1629 2574 1726 2627 corpus
1737 2556 1851 2626 excipit,

192 2656 218 2695 ιιι
234 2638 342 2713 tentat,
364 2637 412 2709 τὴν
437 2638 465 2696 δέ
487 2637 603 2718 πλευρὰν
623 2638 653 2697 τὸ
669 2634 722 2697 ’πᾶν
745 2641 824 2717 σῶμα
842 2641 1016 2720 ἐκδεχομένην
1065 2648 1169 2717 aligno
1184 2656 1354 2709 sustentetur,
1376 2646 1465 2715 itaque
1490 2661 1544 2696 non
1563 2644 1696 2695 sincerum
1714 2642 1787 2695 hunc
1805 2641 1853 2694 sed

231 2727 350 2803 ὀχεῖσθαι
367 2725 432 2804 πρὸς
444 2730 478 2805 τῇ
492 2726 569 2807 ρύσει
580 2730 625 2785 τοῦ
641 2725 733 2799 ξύλου,
746 2728 792 2785 καλ
801 2732 890 2785 τοῦτον
902 2729 946 2786 ria
958 2728 1018 2809 τρό·
1066 2732 1243 2785 adulterinum
1255 2732 1353 2784 dixeris
1362 2730 1476 2783 cubandi
1487 2728 1597 2781 modum
1609 2746 1616 2780 ι
1630 2726 1853 2801 proptereaquod

232 2835 283 2871 πον
297 2816 344 2882 τῆς
364 2824 516 2893 καταφορᾶς
534 2812 674 2892 τυγχάνειν
695 2816 743 2873 οὐκ
761 2817 925 2895 εἰλικρινοῦς,
948 2816 1018 2874 ἀλλδ
1066 2836 1160 2871 somno
1176 2817 1343 2889 profundiori
1358 2816 1481 2887 adjuncta
1495 2817 1528 2867 sit
1545 2815 1685 2867 vehemens
1705 2812 1854 2867 sollicitudo

232 2899 457 2980 παρεψευσμένης,
471 2901 513 2959 διδ
524 2901 554 2960 τδ
566 2902 736 2982 προσκεῖσθαι
746 2911 799 2970 τοῖς
811 2902 918 2982 βαθέσιν
929 2902 1018 2971 ὕπνοις
1066 2917 1092 2958 et
1103 2917 1186 2958 metus
1195 2906 1267 2957 exitii
1277 2946 1285 2971 ,
1295 2904 1368 2977 quod
1377 2904 1529 2977 prolapsum
1541 2903 1610 2956 illico
1625 2902 1731 2974 excipit,
1744 2914 1855 2975 propter

153 3066 261 3127 lioddl
277 3070 328 3125 τῶν
347 3067 493 3148 ίλεράντων
516 3072 665 3150 περιαλγεῖς
686 3074 716 3130 ἐκ
734 3076 785 3130 τῶν
800 3073 958 3152 τραυμάτων
971 3097 1017 3152 γε·
1065 3083 1183 3136 nonnulli
1206 3083 1344 3136 vulnerum
1362 3083 1520 3136 cruciatibus
1532 3081 1609 3145 victi,
1624 3079 1725 3132 ultione
1747 3078 1853 3133 insidia-

188 3179 215 3214 συ
232 3155 335 3233 νόμενοι
347 3160 392 3213 τοῦ
405 3155 451 3230 μέν
465 3157 609 3232 ἀμύνεσθαι
621 3160 665 3216 τὸν
675 3158 899 3218 ἐπιόουλεύσαντα
912 3161 1016 3240 μακρδιν
1065 3187 1130 3238 ports
1144 3188 1254 3252 omissa,
1268 3199 1320 3240 pam
1335 3187 1382 3239 diu
1395 3189 1421 3239 q„
1433 3187 1517 3257 ptam,
1530 3183 1596 3254 (μμ,
1609 3182 1755 3252 indulgent,
1767 3181 1854 3236 donec

232 3242 416 3322 dpsorq'ttact,
430 3241 477 3314 τὴν
493 3242 520 3301 δέ
536 3244 619 3325 ρυγὴν
632 3244 675 3302 διὰ
693 3251 738 3305 τοῦ
758 3245 848 3304 πεδίου
865 3253 1017 3319 ποιοῦνται,

232 3330 311 3410 μέχρι
322 3330 353 3388 δν
367 3329 427 3388 ὅτου
444 3334 558 3410 συνεχῶς
570 3335 585 3390 δ
595 3331 780 3412 προςόεόηκὼς
800 3332 905 3391 τύπτων
918 3335 955 3400 εἰς
971 3335 1016 3393 τὸν

231 3419 308 3476 αύτδν
331 3418 410 3478 τόπον
431 3421 469 3499 τῷ
492 3418 598 3477 πελέκει
621 3418 749 3499 διακόβτς
770 3419 804 3476 τὰ
821 3425 900 3497 νεῦρα
917 3419 1015 3498 ποιήσῃ

230 3506 342 3585 πάρετον
356 3508 386 3565 τδ
403 3510 481 3585 ζῷον·
497 3507 559 3566 ὅταν
572 3506 600 3565 δὲ
613 3507 644 3565 τθ
663 3510 730 3585 ζῷον
744 3506 830 3586 πέσῃ,
845 3507 1017 3587 συντρέχουσι

190 3611 216 3648 ³5
232 3595 301 3652 κατθι
313 3595 483 3669 συστήματα,
495 3595 542 3653 καὶ
551 3599 646 3663 ζῶντος
657 3594 696 3652 έτι
710 3594 846 3671 τέμνοντες
859 3595 906 3662 τὰς
916 3597 1017 3675 σάρκας
1064 3589 1088 3630 et
1101 3596 1192 3630 carnes
1203 3578 1291 3630 adbuc
1304 3579 1399 3631 viventi
1408 3596 1439 3630 ex
1450 3577 1640 3648 posterioribus
1651 3576 1769 3648 partibus
1781 3594 1852 3630 exse-

232 3684 262 3739 ἐκ
271 3684 323 3738 τῶν
336 3680 440 3738 ὄπισθεν
456 3685 542 3760 μερῶν
558 3683 729 3760 εθωχοῶνται,
1063 3685 1118 3728 ctns
1133 3675 1208 3728 hilari
1228 3677 1349 3728 convivio
1364 3675 1515 3728 absumunt.

271 3787 308 3827 tt.
322 3768 409 3828 Ἔνιοι
422 3767 450 3826 δὲ
463 3774 513 3827 τῶν
530 3769 640 3841 πλησίον
652 3766 842 3827 κατοικούντων
861 3769 943 3848 χωρὶς
958 3793 1016 3827 κιν-
1098 3770 1131 3823 55
1148 3773 1230 3844 (Cap.
1253 3771 1569 3843 προσαναστῆσαι
1587 3770 1685 3840 absque
1699 3768 1853 3822 discrimino

227 3855 314 3915 ’δύνων
333 3855 471 3934 θηρεύουσι
484 3856 544 3922 τούς
562 3856 717 3937 ἐλέφαντας,
735 3855 815 3937 τέχνη
830 3861 877 3929 τῆς
892 3858 951 3936 βίας
966 3881 1016 3916 πε·
1062 3866 1210 3938 elephantes
1222 3869 1328 3938 capiunt
1343 3869 1396 3920 vim
1410 3877 1467 3920 arte
1489 3877 1652 3938 superantes.
1690 3865 1761 3919 Solet
1777 3867 1849 3918 enim

232 3942 393 4023 ptytto'pterot.
435 3943 520 4005 Ενωθν
534 3943 585 4025 γὰρ
602 3949 679 4003 wilm
694 3943 724 4002 τί)
747 3947 824 4024 (Qvi
840 3946 946 4004 νπννδνν
962 3947 1016 4004 ἀπὸ
1062 3964 1113 4016 λιοο
1124 3965 1236 4028 animal,
1253 3981 1335 4034 quum
1355 3974 1473 4017 salutum
1488 3973 1590 4034 apastu
1603 3962 1688 4027 redit,
1708 3961 1759 4015 alio
1772 3979 1850 4032 quam

191 4053 218 4090 ⁴¹¹
233 4037 279 4104 νῶΐ
295 4035 377 4109 νομῆς
394 4036 541 4113 πννθθνννῇν
562 4033 628 4112 ttp'oc
646 4031 726 4090 νπννν
739 4033 947 4113 ννῗαθννθνσνανι
960 4035 1017 4092 ννν·
1062 4072 1146 4114 σείετο
1167 4061 1349 4132 quadrupedia
1369 4060 1450 4114 modo
1473 4060 1618 4113 dormitum
1635 4079 1662 4112 se
1682 4077 1849 4132 componere.

233 4119 314 4200 φορὰν
329 4119 440 4228 ἐχούσης
458 4125 505 4192 τῆς
518 4122 576 4200 περὶ
597 4120 660 4179 αὐτὸ
680 4119 817 4188 διαθέσεων
835 4121 899 4201 πρὸς
917 4121 951 4180 τὰ
964 4125 1016 4180 τῶν
1060 4159 1155 4212 Totam
1174 4160 1245 4212 enim
1259 4160 1377 4230 corporis
1397 4158 1492 4212 molem
1518 4159 1632 4211 curuatis
1650 4158 1759 4227 genibus
1776 4167 1852 4209 terrm

231 4209 410 4286 τετραπόδων.
450 4211 493 4268 Οὐ
516 4209 567 4287 γὰρ
584 4207 693 4267 δύναται
712 4213 765 4276 τοῖς
781 4209 873 4287 γόνασι
887 4210 951 4289 πρὸς
969 4209 1016 4280 τὴν

231 4298 281 4372 γῆν
300 4295 467 4373 συγκαθιέναι
487 4299 531 4353 τὸν
553 4295 612 4354 ὅλον
633 4296 719 4373 ὄγκον,
741 4296 809 4354 ἀλλὰ
831 4297 895 4376 πρὸς
912 4299 1017 4376 δένδρον

232 4382 370 4441 ἀνακλιθὲν
390 4391 504 4442 ποιεῖται
527 4383 575 4452 τὴν
599 4383 641 4442 δεδι
665 4388 716 4442 τῶν
740 4384 828 4442 ὕπνων
854 4386 1012 4447 ἀνάπαυσιν.

190 4487 217 4524 ν-ἰ
231 4474 329 4554 Διόπερ
339 4471 369 4531 τὸ
382 4473 483 4554 δένδρον
495 4472 537 4531 διδ
549 4473 595 4544 τὴν
606 4473 744 4551 γινομένην
755 4472 819 4552 πρὸς
830 4474 894 4532 αὐτὸ
905 4474 1014 4532 πλιονά·

232 4585 272 4627 κις
285 4560 440 4640 πρόσκλισιν
453 4567 497 4620 τοῦ
511 4561 577 4642 ζῴου
588 4561 758 4639 τετριμμένον
770 4561 799 4619 τέ
810 4562 920 4619 ἐστικαὶ
932 4562 1015 4641 ,θύτου
1060 4546 1134 4598 enlm
1147 4545 1202 4615 elus
1218 4548 1323 4616 lfflllssla
1339 4557 1400 4600 ⁵⁰⁰¹
1415 4545 1548 4616 mulla‘lue
1563 4547 1646 4616 ννδνννι
1664 4544 1761 4614 (Ιννννννν
1775 4542 1852 4594 luda·

231 4649 337 4726 πλῆρες,
352 4649 416 4727 πρὸς
426 4647 454 4706 δὲ
465 4647 566 4714 τούτοις
578 4653 592 4706 ὃ
603 4649 664 4725 περὶ
677 4649 741 4706 αὐτὸ
750 4649 829 4716 τόπος
846 4649 906 4727 ἴχνη
918 4659 948 4706 τέ
958 4649 1015 4729 ἔχει
1060 4652 1165 4710 gaimus
1177 4641 1256 4711 hujus
1268 4642 1363 4713 pl'aedae
1374 4641 1527 4695 decubitum
1541 4642 1740 4714 elephasslssl‘llm
1757 4639 1852 4710 depre-

231 4735 276 4794 καὶ
293 4737 390 4810 σημεῖα
413 4736 516 4808 πολλά,
534 4739 567 4794 δι’
582 4729 617 4795 ὧν
641 4739 665 4793 el
679 4737 713 4793 τά
734 4741 842 4794 τοιαῦτα
862 4739 1015 4815 ἐρευνῶντες
1061 4737 1192 4792 ltcntlunt.
1239 4738 1355 4806 Quando
1387 4738 1468 4807 igitur
1491 4740 1518 4791 in
1547 4737 1668 4792 arborem
1699 4733 1852 4806 hujusmodi

1064 3383 1150 3436 locutn
1169 3384 1267 3449 delata,
1279 3387 1385 3437 succisis
1394 3383 1508 3437 belluam
1522 3383 1609 3435 nervis
1618 3399 1726 3452 prorsus
1736 3381 1852 3434 infirma·

1064 3483 1106 3532 rit.
1123 3512 1128 3519 ·
1146 3485 1205 3548 Qua
1226 3491 1371 3552 prostrata,
1394 3482 1544 3533 catervatim
1558 3478 1678 3532 homines
1689 3489 1852 3532 concurrunt

1062 4255 1191 4326 applicato
1203 4257 1305 4326 nequit,
1320 4255 1365 4308 sed
1378 4255 1412 4308 atl
1425 4255 1546 4308 arborem
1557 4274 1612 4308 seso
1621 4254 1751 4308 acclinans
1763 4254 1850 4306 somni

1065 4355 1180 4422 quietem
1195 4354 1273 4422 capit.
1313 4351 1429 4423 Ideoque
1444 4351 1524 4405 arbor
1535 4352 1587 4416 illa,
1604 4353 1646 4404 eui
1661 4351 1754 4421 saepius
1767 4349 1852 4402 bellua

1061 4466 1088 4500 se
1100 4448 1276 4514 acclinaverit,
1287 4449 1414 4502 deteritur
1427 4460 1453 4502 ct
1466 4448 1602 4502 sordescit.
1641 4445 1685 4502 Ad
1694 4448 1750 4500 haec
1762 4447 1788 4498 in
1802 4447 1852 4498 cit·-

235 4965 261 5003 1.
276 4947 302 5001 δὲ
315 4966 370 5002 otu.
384 4949 416 5002 B.
434 4949 445 5017 ΙΙ
460 4951 531 5010 -4,
548 4951 640 5010 ζῶντος
654 4948 708 5019 ἔτι]
724 4949 820 5003 Milites
833 4950 960 5019 quosdam
977 4955 1023 5023 qni
1069 4953 1097 5006 τδ
1110 4965 1171 5006 anto
1185 4953 1254 5014 τόξον
1270 4971 1319 5022 vgo
1330 4952 1418 5016 deest;
1440 4955 1466 5006 in
1482 4955 1513 5007 C.
1531 4971 1612 5007 manu
1626 4950 1741 5005 monada
1755 4948 1853 5002 adseri-

232 5045 339 5080 earnem
362 5027 424 5081 bovi
444 5029 542 5081 viventi
557 5031 670 5082 excisam
685 5028 868 5094 comederint,
884 5030 978 5084 vidisse
996 5051 1024 5084 se
1069 5043 1153 5102 pttnn.
1167 5036 1225 5098 ll-
1240 5032 1281 5084 13.
1297 5031 1486 5102 προσθεθοηκὼς
1505 5049 1570 5102 vgo;
1589 5047 1631 5101 ap.
1651 5025 1852 5082 Artemidorum

232 5108 270 5159 ait
291 5109 415 5161 Blueeus.
1068 5111 1148 5164 babes
1160 5109 1360 5179 προύεθηκότων.

269 5188 285 5252 §
307 5190 352 5251 54,
371 5204 397 5254 7.
424 5191 468 5240 τοῦ
491 5199 552 5241 ante
570 5187 677 5258 ἐσχάτου
689 5208 745 5244 om.
766 5191 868 5259 011-
882 5209 908 5258 9.
931 5189 957 5242 δὲ
979 5191 1020 5242 καλ
1102 5194 1174 5258 555,
1189 5193 1233 5253 al.
1252 5193 1296 5242 τοῦ
1311 5200 1372 5242 ante
1393 5189 1523 5259 στελέχους
1543 5205 1593 5256 rgo
1606 5186 1694 5249 deest;
1708 5183 1764 5246 τούς
1783 5182 1849 5236 στελ.

248 5261 330 5324 λείους
347 5281 404 5332 rgo.
418 5270 477 5331 11-
497 5283 538 5320 ιο.
553 5265 628 5320 {ati
635 5287 680 5319 σιν
691 5270 700 5338 l
713 5267 809 5320 ίστέσιν
830 5285 887 5337 rgo.
902 5271 913 5335 ΙΙ
924 5299 960 5310 -
976 5286 1017 5322 tn.
1065 5270 1094 5322 C.
1108 5273 1120 5337 Η
1131 5285 1219 5338 -ε7,
1235 5269 1387 5338 τυγχάνειν]
1401 5269 1519 5337 τυγχάνει
1531 5284 1589 5336 vgo.

1065 3289 1109 3357 qui
1125 3305 1140 3340 a
1152 3298 1225 3357 tergo
1246 3287 1338 3353 caedit,
1352 3289 1495 3340 continenti
1511 3287 1608 3338 secutis
1618 3284 1692 3357 plaga
1701 3286 1727 3337 in
1737 3284 1852 3338 eundern
1923 3313 1929 3326 ·
