3950 5925
599 408 604 423 ·
637 373 687 433 Illi
708 373 1015 435 AGATflAhcrhhss
1037 376 1178 437 chilim.
1647 402 1720 445 sarx

138 498 163 541 1.
181 496 207 542 10
218 492 385 542 constituenda
394 491 457 543 serie
467 493 585 555 locorum,
595 500 713 555 0000001
723 508 798 558 usqne
807 495 837 545 ad
847 496 983 557 1001001000,
993 497 1161 547 difficultatem
1171 497 1351 548 moreathrbes
1360 499 1469 559 Arsinoe,
1482 500 1636 555 Philoteraet
1644 508 1723 568 ilios·

100 562 217 613 honnus.
238 565 301 612 Bene
312 564 424 611 norimus
439 564 553 612 Arsinoen
570 564 637 613 riinii
648 567 673 613 et
688 566 826 624 Ptolemaei,
839 567 880 616 sed
896 568 953 616 nihii
965 572 1058 618 constat
1069 570 1100 619 de
1111 569 1255 619 Artemidori
1272 571 1368 620 Arsinoe
1382 577 1436 633 post
1446 572 1590 623 philotetam
1603 578 1720 637 ponenda.

102 634 258 681 Philoteram
273 646 330 682 rero
342 646 419 695 quum
430 635 595 683 Artemidorus
604 636 629 683 et
639 636 730 685 Plinius
741 640 803 685 nate
814 639 998 698 hiyoshormunr
1004 638 1132 699 collocent,
1145 642 1288 690 Ptoieneus
1299 628 1425 705 Φιλοτὲρας
1434 644 1517 705 λιμένα
1529 649 1588 707 post
1600 647 1721 707 llyoehor·

99 716 174 751 mum
185 704 294 751 extribet.
310 706 368 752 tier
378 704 500 766 qriomodo
509 705 558 754 sint
567 705 733 765 componenda
742 707 866 767 quaritur.
877 708 957 759 Primo
966 709 1080 771 adspectu
1088 710 1177 759 dixeris
1184 711 1245 760 does
1255 712 1327 761 tuisse
1336 712 1454 774 Arsinoes,
1462 727 1565 775 uriarum
1572 714 1647 767 altera
1657 718 1722 779 apnd

98 786 181 821 nnrrm
193 772 374 822 Artemidorum
389 776 545 833 memoretur,
556 775 701 824 assimiliter
711 774 902 837 distinguendam
913 792 964 828 esse
976 781 1121 829 Philoteram
1135 794 1149 829 a
1160 784 1231 843 porto
1244 782 1378 831 Philoteris·
1393 785 1472 845 Atque
1482 784 1517 833 sic
1527 786 1612 835 statuit
1620 788 1722 837 betroa-

97 843 158 889 nius
172 843 181 901 (
196 846 279 891 irrscr.
292 842 323 891 dr
339 836 405 903 req.
419 845 439 903 1,
455 856 477 905 p.
495 847 538 891 187
550 844 570 904 ),
580 843 650 893 simut
661 844 692 893 de
711 844 769 900 locis
782 846 910 902 Philoteras
923 850 949 899 et
966 849 1074 908 Arsinoe
1088 849 1231 899 Artemidori
1246 850 1405 906 attribuendis
1416 864 1529 913 promere
1549 855 1722 916 coniecturam.

97 914 173 963 iliam
188 926 204 961 a
218 915 275 974 cop
292 913 448 974 Zntscrnrrc
469 914 554 977 paullo,
564 916 687 967 meridiem
701 929 783 967 uersus
796 917 865 978 juata
879 922 934 981 dap
949 918 1038 979 erede
1054 920 1280 980 Bodrmleotioeat,
1295 920 1337 970 obi
1347 918 1462 985 oppidum
1479 921 1551 972 tubae
1560 925 1721 986 000010010-

97 984 185 1033 dicant
200 984 362 1044 (willinson
373 988 466 1041 dosera.
479 984 513 1045 0(
522 984 564 1042 the
583 989 610 1043 li.
632 989 660 1037 G.
674 986 739 1048 S.,os
747 988 854 1043 100000,
865 990 884 1036 0.
899 990 971 1049 11,0.
985 988 1333 1053 0010000οινοοο
1349 990 1422 1041 maris
1433 1003 1526 1040 recessi
1539 1004 1612 1055 010οο
1629 997 1721 1057 Drepa-

97 1067 161 1102 num
174 1068 255 1116 prom.
267 1054 339 1106 tuisse
351 1056 495 1122 auspicatur.
511 1060 563 1119 Ego
575 1071 693 1121 nonnego
704 1060 822 1109 exstitisse
833 1060 890 1108 oiim
902 1060 1028 1121 complura
1039 1071 1115 1120 quam
1126 1071 1171 1108 nos
1183 1058 1233 1119 iem
1247 1059 1359 1114 norimus
1369 1060 1394 1111 hr
1408 1060 1454 1109 hae
1462 1073 1504 1110 ora
1514 1062 1649 1124 oppida,.at
1660 1065 1721 1113 duas

97 1124 239 1179 Philoteras
248 1126 408 1187 Arsinmsque
417 1138 466 1175 000
477 1127 553 1188 magis
561 1126 699 1177 admiserim
711 1141 783 1189 quam
796 1132 846 1178 tres
856 1130 1032 1191 hiyoshormos‚
1042 1141 1116 1183 unam
1125 1129 1260 1190 Ptolemsei,
1274 1131 1375 1179 aiteram
1386 1130 1540 1192 Artemidori,
1551 1133 1646 1182 tertiam
1656 1139 1722 1184 Ano·

96 1194 364 1257 semiseptenaria!
375 1197 589 1258 tresillasAduiea,
601 1210 700 1259 quasex
711 1198 855 1259 scriptorum
863 1199 971 1257 dissensu
978 1199 1043 1254 ernh
1049 1198 1196 1249 (0100011000.
1204 1198 1470 1250 ScilicetArteroidorus
1478 1215 1554 1263 quum
1564 1204 1722 1254 amissimus
1759 1244 1765 1259 ,

97 1264 288 1325 Agatharchidis
297 1277 390 1323 errores
401 1264 546 1317 verbotenus
555 1266 605 1315 tera
617 1270 716 1329 repetat,
734 1268 911 1325 accuratiusde
921 1269 972 1321 sitn
980 1269 1090 1319 looordm
1103 1268 1204 1319 edoctus
1217 1281 1268 1317 esee
1281 1268 1322 1317 ria
1336 1271 1429 1331 potuit;
1441 1270 1506 1319 haud
1514 1272 1720 1333 igiturrerisimile
1747 1260 1774 1311 ·'·

95 1336 134 1387 est
146 1335 259 1393 omisisse
270 1348 327 1393 eum
338 1334 453 1385 Arsinoen
467 1335 656 1397 Agatharchidis,
669 1338 787 1401 aliamque
798 1339 965 1399 cognominem
979 1338 1065 1387 urbem
1077 1338 1108 1385 do
1117 1352 1163 1388 suo
1177 1338 1352 1400 introduxisse,
1361 1342 1446 1389 contra
1457 1354 1515 1389 vero
1525 1354 1602 1404 quum
1614 1344 1721 1393 tierooo·

96 1404 166 1472 potin
179 1409 205 1453 et
219 1404 366 1459 Philoteram
387 1418 418 1453 ex
438 1404 485 1454 alio
503 1406 684 1468 Agatharchidis
693 1406 813 1467 librovel,
826 1408 845 1457 si
857 1408 942 1467 mavia,
958 1406 1006 1457 aiio
1019 1422 1051 1457 ea
1063 1412 1162 1457 auctore
1173 1408 1326 1470 adjungeret,
1344 1410 1414 1459 tacite
1428 1410 1518 1460 accidit
1531 1415 1559 1461 ut
1574 1412 1720 1463 Philoteram

95 1487 146 1522 una
161 1488 221 1523 cum
237 1475 382 1537 neronopoli
394 1479 450 1525 ante
460 1475 575 1526 Arsinoen
589 1479 742 1530 memoraret.
756 1478 827 1540 Quod
846 1479 992 1530 Philoteram
1002 1478 1098 1537 attinet,
1107 1477 1171 1540 apud
1180 1479 1348 1539 Ptolemrenm,
1364 1482 1392 1528 ut
1408 1480 1504 1542 0000100,
1514 1481 1549 1530 sie
1564 1481 1612 1531 boc
1624 1496 1722 1546 quoque

94 1544 159 1603 looo,
173 1545 290 1597 ordinem
302 1544 407 1601 duorum
419 1546 543 1594 nominum
554 1547 722 1599 invertendum
734 1550 802 1609 0010,
813 1548 885 1598 itaut
905 1549 1034 1599 niiiiotere
1044 1550 1127 1609 portus
1145 1551 1249 1610 ponatur
1258 1551 1314 1599 ante
1326 1550 1516 1612 idyoshormom.
1530 1553 1585 1609 Qua
1596 1552 1621 1601 tn
1633 1567 1658 1601 re
1672 1566 1721 1603 non

94 1616 146 1661 tam
154 1614 204 1663 hoe
217 1628 258 1664 me
271 1617 355 1667 moret
363 1616 392 1663 ut
404 1614 435 1666 de
446 1616 574 1671 Philoteria
588 1616 642 1664 loco
653 1617 797 1669 Ptolemcens
811 1618 931 1667 conciliari
943 1614 1021 1681 possit
1029 1632 1085 1666 cum
1097 1617 1247 1667 Artemidoro
1259 1618 1393 1681 Plinioque,
1404 1632 1479 1680 quam
1493 1622 1585 1682 utque
1595 1620 1626 1670 de
1640 1624 1721 1685 ligor·

94 1684 184 1735 ironno
196 1684 333 1743 tradamur
351 1684 490 1745 ineoogma,
505 1685 664 1749 molirentur.
679 1686 818 1736 secundom
836 1686 995 1735 Ptolemaeum
1010 1686 1178 1747 ltyosbmmus
1196 1688 1321 1749 prodendus
1330 1688 1392 1737 toret
1405 1689 1436 1737 ad
1447 1692 1500 1739 lies
1518 1690 1664 1749 Aboachdr,
1680 1694 1722 1743 ubi

94 1758 179 1806 ruinas
191 1758 278 1807 habea.
296 1755 573 1817 Agatiiarchidesautem
584 1755 683 1817 ejusque
693 1759 822 1805 sectatores
831 1768 907 1817 quom
917 1756 948 1805 ad
961 1757 1142 1818 hlyoshormnm
1151 1757 1222 1807 tuisse
1233 1758 1331 1807 hadent
1342 1762 1448 1808 montem
1458 1760 1560 1808 rubrum
1569 1761 1628 1823 (qui
1639 1762 1721 1811 nuthrs

94 1830 131 1875 eat
147 1827 178 1875 ad
193 1824 412 1885 Bendhorschdr)
420 1828 448 1874 et
458 1823 548 1879 intulit
562 1826 620 1884 tres,
630 1826 743 1875 liuderus
755 1824 937 1887 htyoshormum
948 1825 1016 1886 pouit
1028 1824 1058 1872 ad
1071 1828 1122 1874 Bne
1135 1825 1288 1880 Adoccromer
1303 1826 1372 1887 (sec.
1387 1828 1488 1878 Ptolem.
1506 1830 1632 1879 Philoteras
1641 1832 1720 1893 portui

92 1897 271 1958 assignandum
282 1900 302 1957 ),
317 1896 360 1945 nbi
373 1908 458 1945 revera
471 1909 541 1945 mons
553 1893 627 1945 ruber
640 1899 665 1946 et
678 1896 762 1945 toaulcn
773 1900 823 1947 tres
832 1898 936 1945 exstant.
949 1898 980 1945 At
994 1894 1066 1942 sirnot
1083 1894 1270 1956 Agatharchides
1282 1896 1447 1945 Artemidorus
1457 1900 1483 1947 et
1497 1899 1585 1948 Straho
1598 1902 1721 1963 ityoshor-

93 1979 163 2022 mum
176 1968 266 2016 dieunt
278 1966 438 2033 propinquam
452 1965 523 2015 tuisse
531 1965 659 2026 Berenice,
668 1966 698 2015 de
709 1968 779 2028 errius
791 1966 838 2016 sito
849 1966 952 2015 constat.
964 1963 1001 2014 Ad
1012 1964 1058 2012 boo
1068 1964 1194 2031 attepdena
1204 1964 1353 2015 heinhardus
1361 1968 1543 2029 hlyoshormam
1555 1970 1632 2019 multo
1645 1974 1722 2034 magia

92 2036 226 2090 meridiem
240 2050 325 2086 vereris
339 2036 443 2085 removit
454 2037 537 2084 ineam
551 2036 681 2097 regionem,
696 2034 738 2085 obi
752 2036 813 2085 alter
825 2048 895 2085 mons
906 2034 978 2085 ruber
989 2035 1095 2085 oocnrrit
1109 2048 1182 2097 prope
1197 2040 1294 2099 portum
1309 2037 1445 2088 scholare
1458 2039 1551 2099 (sltem
1561 2042 1670 2091 seheilh
1680 2055 1720 2107 ap.

93 2106 263 2167 ltoroebyum,
274 2105 317 2168 qui
331 2108 369 2155 est
383 2111 466 2167 portus
476 2106 555 2154 honos
566 2105 691 2155 introitum
702 2110 832 2167 angustum
840 2107 941 2165 hahens,
953 2104 1054 2155 inlusio
1066 2107 1131 2154 heus
1146 2105 1245 2155 modum
1261 2106 1376 2157 dilatatus
1387 2108 1397 2169 )
1410 2111 1436 2157 et
1447 2108 1580 2159 sedeam
1593 2114 1683 2163 Verum
1696 2114 1720 2162 in

93 2175 156 2235 lianc
167 2178 319 2226 amtentiam
328 2189 364 2236 ea,
379 2190 434 2237 que
448 2177 477 2225 de
492 2175 569 2225 tritius
581 2177 665 2226 insulis
678 2178 830 2238 hiyoahormo
846 2177 947 2237 obiectis
961 2173 1148 2237 Agatharchides
1160 2176 1241 2235 hahet,
1257 2176 1391 2227 secandum
1403 2179 1589 2229 reomthimem
1600 2182 1720 2245 lloresbyi

92 2259 210 2308 nmppam
226 2247 329 2295 minime
342 2246 473 2305 quadrant.
486 2249 536 2309 Bgo
550 2245 579 2294 de
600 2248 636 2295 his
650 2246 684 2295 ita
703 2248 789 2295 scotto
806 2247 878 2303 Quod
895 2246 1078 2308 htyoahormom
1087 2246 1275 2307 Agatharchides
1286 2259 1335 2299 000
1346 2246 1380 2296 ita
1389 2248 1460 2308 longe
1472 2261 1487 2298 a
1500 2251 1616 2300 Berenice
1627 2256 1653 2303 et
1665 2253 1720 2302 sinu

92 2317 229 2365 immundo
240 2316 347 2365 abluisse
359 2318 459 2377 00(ον11,
469 2317 515 2364 hoc
526 2320 554 2364 ut
571 2316 633 2365 haud
643 2318 722 2379 magni
737 2316 885 2378 iaciendum,
900 2316 935 2365 sic
951 2329 998 2365 000
1013 2315 1180 2377 negligendum
1189 2319 1233 2368 est,
1244 2318 1313 2365 Patet
1324 2316 1361 2369 bis
1373 2316 1471 2367 subesse
1483 2319 1588 2369 eundem
1599 2332 1716 2381 errorem,

91 2398 121 2433 ex
132 2401 184 2447 quo
198 2387 316 2435 Berenice
331 2386 427 2447 ponitur
436 2386 466 2435 ad
478 2386 558 2435 isthmi
572 2387 691 2447 regionem
705 2388 756 2435 sive
771 2385 1403 2449 000000001001ιιιο,00100010010010000οο
1420 2386 1522 2447 obiacet.
1537 2391 1628 2440 cauma
1637 2394 1718 2440 erstem

91 2456 183 2504 erroris
195 2456 380 2517 Agatharchidi,
395 2456 513 2505 mirabilia
523 2456 597 2517 magis
605 2468 678 2517 quarn
695 2459 774 2504 cetera
782 2458 885 2517 curanti,
898 2455 1016 2505 exstiterit
1027 2468 1096 2503 mons
1110 2454 1265 2507 rubicundos.
1284 2457 1350 2505 Talis
1360 2456 1425 2506 enim
1441 2470 1517 2519 quum
1528 2459 1623 2509 exstem
1635 2458 1718 2509 trade·

92 2529 160 2575 retor
175 2532 233 2577 tum
250 2528 283 2577 ad
295 2526 353 2577 hod.
369 2527 523 2576 Adorrsomer
539 2529 593 2575 tom
603 2526 634 2575 ad
647 2526 703 2575 hod.
712 2526 856 2589 80000000,
866 2532 997 2588 utrumque
1006 2530 1114 2575 10000010
1132 2525 1232 2591 loeaqoe
1249 2526 1278 2575 ils
1290 2525 1425 2588 propinqua
1438 2527 1548 2576 contudit
1565 2530 1590 2577 el
1609 2529 1717 2579 miscuit.

91 2598 134 2647 liei
145 2598 268 2645 indicium
275 2597 366 2659 praehet
375 2596 515 2645 locinomen
522 2596 689 2659 duplei3nam
698 2598 763 2651 bloi<
770 2596 842 2663 00000
851 2599 932 2659 prostes
943 2594 1074 2659 Ἀφροδίτης
1085 2596 1156 2660 ὅρμον
1163 2594 1255 2643 dictum
1266 2608 1316 2648 me
1323 2596 1719 2659 ttmterperhibetquomeeriorea

91 2671 209 2716 irretores
221 2667 319 2715 nonnisi
331 2667 477 2730 ltyoahormi
489 2680 577 2716 nomen
589 2667 707 2717 noverint.
727 2667 844 2717 Nimirum
856 2666 906 2717 duo
925 2667 961 2716 his
975 2667 1118 2729 produntur,
1128 2678 1233 2728 quorum
1242 2667 1313 2726 alter,
1326 2668 1426 2716 Veneris
1434 2672 1527 2729 portus,
1538 2670 1719 2731 componendus

92 2742 128 2785 est
141 2750 204 2786 com
219 2737 281 2787 hod.
297 2736 443 2797 Sclmtnro,
458 2740 497 2788 eui
517 2738 611 2799 adiacd
629 2738 707 2788 insula
721 2749 807 2799 001000
821 2736 900 2797 lesbo
919 2738 962 2799 (10
974 2748 1061 2798 mappa
1075 2735 1228 2798 Berglmrsii)
1244 2748 1263 2784 s.
1285 2736 1535 2799 Somndttttoresby
1544 2742 1587 2787 ti⁰
1597 2740 1633 2789 to'
1643 2740 1707 2802 lat.)

92 2820 167 2866 quam
184 2806 322 2855 00000010
336 2808 433 2856 nomine
446 2808 555 2863 ramora
570 2808 671 2867 Plinius,
689 2806 835 2856 Ptolemreos
848 2819 906 2855 raro
923 2819 1000 2867 grece
1021 2806 1153 2869 Ἀφροδίτης
1168 2810 1239 2868 νῆσον
1257 2806 1309 2866 (00·
1325 2805 1387 2868 100.)
1406 2809 1476 2856 vocat
1489 2808 1570 2857 :adeo
1582 2811 1610 2858 nt
1629 2812 1716 2870 000000

93 2876 213 2937 coniicias
225 2878 326 2939 portum
337 2876 474 2937 proximum
485 2878 541 2927 item
554 2878 653 2927 veneris
662 2878 754 2927 dictum
769 2889 829 2936 asse,
842 2888 966 2947 unumque
981 2876 1078 2927 tohsee
1094 2876 1187 2938 multis
1200 2875 1256 2934 iliis,
1269 2888 1331 2937 quos
1339 2874 1411 2937 juxta
1424 2876 1527 2926 lamben
1540 2877 1585 2927 ins.
1596 2882 1716 2929 memorat

93 2947 195 2996 101οἱ00
210 2948 281 2996 Alter
289 2950 374 3010 portus
385 2950 422 3004 est
431 2949 598 3014 iigoehormos
607 2948 636 2997 ad
651 2950 703 2998 iias
715 2947 886 3006 dinoscerem
897 2945 927 2995 ad
940 2946 1005 2996 iidoc
1017 2945 1228 3010 pertinentiarum
1236 2950 1295 3007 tres,
1307 2945 1366 2996 dam
1378 2960 1448 2996 mons
1458 2948 1530 2998 ruber
1537 2947 1608 3010 Juxta
1620 2952 1716 2999 utrom-

91 3020 216 3078 quaerat
230 3021 289 3078 iarn
300 3018 440 3079 intelligitur
453 3019 574 3081 quomodo
586 3022 670 3069 Noster
687 3015 910 3086 Algos-Aphrodites
918 3020 1017 3084 portum
1031 3019 1057 3066 et
1068 3015 1099 3065 ad
1109 3015 1225 3077 isthmum
1235 3015 1363 3077 collocare,
1376 3020 1402 3066 et
1416 3019 1537 3067 Bereniw
1554 3021 1718 3080 propinquum

91 3087 175 3135 dicare
188 3088 312 3150 potnerit,
326 3101 402 3149 quum
413 3087 473 3138 iliud
489 3089 518 3138 ad
531 3089 720 3152 Myoshormum,
733 3090 779 3140 hoc
789 3087 819 3136 ad
831 3087 932 3136 veneris
944 3091 1042 3148 portum
1055 3087 1182 3147 00010000.
1194 3085 1272 3136 simui
1290 3086 1435 3136 mnaesseris
1447 3088 1574 3138 nominum
1583 3091 1714 3152 transposi-

90 3161 199 3220 tionem,
211 3172 288 3221 quam
303 3158 328 3207 in
347 3161 478 3216 Ptolemeo
493 3162 674 3224 proposuimus,
689 3161 821 3224 presertim
835 3170 911 3228 quum
933 3171 984 3212 rem
1000 3155 1117 3210 00000000
1128 3167 1178 3214 non
1192 3156 1272 3203 solum
1284 3155 1375 3215 Plinius
1386 3157 1412 3205 et
1423 3157 1611 3217 Agatharchides
1618 3158 1718 3220 ejusque

90 3232 241 3288 amatores,
253 3228 297 3277 sed
310 3229 466 3290 gerasimus
486 3231 559 3280 etiam
580 3233 665 3290 testis,
688 3233 773 3280 auctor
786 3226 1093 3291 0000000000τί0111000.
1112 3225 1239 3286 Erythraei,
1253 3237 1327 3286 onem
1341 3225 1400 3273 item
1420 3227 1605 3288 hlyoshormom
1615 3228 1646 3276 ad
1669 3231 1719 3278 iias

90 3300 255 3360 Adonsomer
269 3299 377 3362 poenisae
387 3299 468 3350 nuilus
478 3300 528 3360 jam
539 3301 633 3352 dubito.
643 3301 760 3352 Blenima
771 3299 884 3350 Berenice
899 3297 929 3346 ad
945 3295 1127 3358 hlyoshormum
1138 3293 1216 3343 stedia
1225 3293 1351 3356 computat
1361 3300 1435 3355 1000;
1446 3308 1502 3357 qore
1513 3297 1620 3358 quiden,
1632 3297 1653 3345 si
1666 3301 1718 3346 itas

90 3372 116 3419 el
131 3369 193 3430 Ans,
207 3369 402 3432 promontorium
412 3370 549 3432 tongisdme
560 3371 584 3420 in
594 3383 660 3420 mare
671 3375 818 3433 pcrrroctum,
835 3366 1086 3428 circumnavigareris,
1097 3363 1192 3414 nonnisi
1206 3364 1238 3412 ad
1250 3363 1309 3414 hod.
1324 3366 1425 3413 000000·
1435 3365 1569 3425 pertineot;
1586 3365 1629 3415 aed
1639 3379 1715 3426 qurum

94 3443 202 3488 corseir
217 3451 278 3487 eum
298 3439 452 3500 Atyoshormo
463 3441 575 3502 componi
588 3441 706 3502 nequeat,
733 3435 919 3500 Agatharchides
931 3437 1013 3484 autem
1034 3433 1066 3496 (ς
1081 3439 1110 3485 tit
1122 3447 1147 3496 p.
1164 3434 1226 3494 170)
1245 3432 1277 3482 de
1287 3433 1452 3495 promontorio
1464 3434 1511 3482 isto
1522 3432 1588 3483 dicat
1598 3454 1605 3483 t
1616 3434 1714 3494 ἠικατὰ

91 3511 134 3557 τὸν
148 3509 242 3570 αὐχένα
253 3510 335 3557 στενὸν
348 3509 405 3558 ὄντα
412 3511 572 3572 διακομίζουσι
583 3511 613 3559 τὰ
624 3510 702 3572 σκάφη
711 3510 768 3572 πρὸς
776 3509 818 3566 τὴν
828 3507 951 3569 ἀντιπέραν
966 3507 1098 3566 θάλασσαν,
1112 3503 1276 3554 0000001110
1290 3503 1453 3566 computanda
1465 3505 1626 3554 6000011100
1639 3506 1689 3566 iiia,
1701 3519 1717 3554 a

90 3591 143 3639 gua
154 3578 187 3626 ad
202 3581 255 3627 Bes
267 3579 421 3629 Allorrsomer
435 3593 517 3643 reapse
531 3583 589 3631 sunt
598 3579 676 3628 stadia
691 3584 829 3629 18001050.
841 3576 912 3634 Quod
921 3577 1025 3626 iteneris
1038 3578 1135 3636 portum
1146 3573 1242 3634 attinet,
1248 3573 1372 3636 probabile
1384 3577 1444 3625 este
1455 3575 1494 3623 rta
1502 3587 1518 3623 a
1527 3577 1606 3637 copto
1618 3575 1715 3625 Bereni-

89 3663 138 3696 000
154 3648 263 3697 ducente
283 3648 407 3698 deflexisse
423 3649 495 3698 eliam
518 3650 582 3698 riam
595 3649 626 3698 ad
643 3651 739 3711 portum
754 3649 822 3697 illum
839 3647 993 3707 tendentem,
1007 3645 1131 3696 emersae
1146 3647 1229 3694 autem
1253 3646 1388 3707 putaverim
1399 3645 1425 3694 in
1444 3645 1561 3706 statione,
1584 3659 1641 3708 qum
1667 3646 1717 3708 ipsa

90 3729 195 3778 guoque
209 3719 314 3766 Veneris
326 3715 414 3766 dicitur
426 3718 451 3766 in
461 3718 520 3767 'rab
538 3719 732 3779 peutingeriana.
750 3717 825 3778 igitur
840 3715 900 3764 ordo
910 3714 1021 3770 iocorum
1039 3717 1064 3764 in
1080 3728 1123 3765 ora
1134 3715 1174 3764 hic
1187 3719 1239 3764 est:
1256 3714 1365 3775 Arsinoe,
1378 3714 1486 3776 etym,
1502 3719 1607 3775 Bonam,
1622 3719 1714 3778 Drepa-

90 3799 166 3847 num,
182 3787 495 3849 Philoterattboircher),
507 3787 621 3850 adquam
633 3787 725 3836 Ahasrsi
740 3786 830 3835 Arabes
844 3785 870 3834 et
884 3783 969 3832 irnsnlee
984 3786 1099 3848 Sapirene
1108 3789 1134 3835 et
1145 3786 1256 3847 Scytala3
1272 3787 1325 3834 tom
1338 3786 1504 3846 htyoshormos
1517 3785 1686 3848 (Adousomer
1697 3787 1716 3844 ),

91 3871 153 3904 curn
168 3861 254 3906 monte
268 3858 356 3919 rubro,
367 3858 466 3908 tortasse
479 3861 536 3908 AEas
552 3858 687 3916 Ptolemai;
702 3860 755 3907 tum
768 3857 842 3906 Athos
852 3856 945 3916 portos,
966 3855 1047 3904 Arche
1067 3867 1112 3916 ro.,
1127 3855 1251 3914 itecbeia,
1268 3855 1369 3904 veneris
1382 3857 1466 3917 portus
1478 3853 1590 3915 (saeris
1606 3854 1717 3904 Sheiclh

92 3940 110 3977 n
126 3926 230 3976 meridie
241 3928 397 3988 promontorii
414 3928 584 3989 Uriehlcum
595 3927 695 3976 veneris
705 3927 797 3986 insuia;
814 3923 900 3974 deinde
909 3925 1030 3975 Berenice.
1431 3932 1439 3951 ¹

126 4003 150 4046 0.
168 3999 207 4045 Be
229 3997 306 4048 Wadi
322 3997 417 4050 Boned
426 3999 544 4060 palmiaet
568 3997 702 4048 tamariscis
713 3997 817 4056 consito,
834 3996 935 4058 rivoque
955 4009 1026 4057 aqoce
1042 3993 1214 4063 limpidissime
1237 3993 1346 4055 quiden,
1364 3993 1407 4044 aed
1418 3995 1451 4044 ita
1463 3994 1568 4056 ierem,
1580 3996 1609 4042 nt
1619 3995 1714 4043 mnnisi

91 4065 196 4118 camelis
209 4069 283 4128 potos
295 4069 335 4128 sit,
345 4068 400 4118 ride
415 4069 551 4118 Wilhinaon
563 4067 579 4117 Ι.
595 4068 611 4116 Ι.
624 4069 657 4128 11,
672 4081 695 4129 0.
706 4071 745 4116 tt.
756 4065 875 4125 Eundem,
892 4069 920 4114 ut
931 4065 1049 4126 suspicor,
1059 4063 1140 4112 rivum
1149 4064 1213 4112 teter
1224 4061 1318 4112 Baned
1331 4067 1426 4112 montes
1437 4063 1498 4112 vidit
1511 4063 1610 4124 lepsius
1626 4064 1713 4122 Brirse

92 4149 144 4185 aas
154 4139 286 4198 0Εοομοω
298 4150 325 4187 rt.
345 4137 493 4200 AEthlopien
506 4150 530 4199 0.
544 4141 604 4197 300,
617 4141 703 4198 putens
715 4137 755 4186 ilie
767 4137 832 4186 irone
844 4136 943 4187 tortasse
952 4147 1006 4184 ease
1017 4137 1129 4192 lbtrrrtm
1142 4134 1231 4183 iontem
1242 4131 1320 4181 Plinii.
1330 4134 1444 4182 ceteram
1457 4134 1523 4197 quod
1534 4135 1624 4184 Plinius
1632 4135 1692 4183 dicit
1705 4155 1711 4184 ι

92 4220 144 4267 pro
162 4206 210 4254 hoc
220 4205 272 4254 elii
285 4205 447 4257 Philoterom
459 4207 576 4264 scribunt,
593 4206 616 4256 id
626 4220 674 4256 non
686 4209 720 4256 ita
729 4209 835 4269 intellige
844 4209 873 4257 ut
888 4205 997 4267 eiusdem
1005 4205 1052 4254 loci
1060 4205 1112 4255 duo
1123 4205 1211 4254 tuerint
1221 4208 1328 4263 0001100,
1337 4204 1380 4255 sed
1389 4205 1424 4255 ita
1433 4209 1462 4255 nt
1473 4206 1498 4254 in
1512 4205 1565 4255 aliia
1574 4206 1714 4256 auctoribus

93 4277 159 4324 inter
170 4275 289 4325 Arsinoen
301 4281 326 4325 et
338 4279 517 4339 llyoahormum
531 4278 657 4326 memorari
667 4276 759 4326 rideret
769 4281 879 4339 Bonum,
894 4278 919 4326 in
930 4278 983 4326 aliis
995 4277 1151 4327 Philoteram.

127 4354 152 4396 0.
171 4347 276 4397 Ubinam
284 4347 389 4397 thermae
399 4351 424 4398 et
436 4349 481 4398 liiii
491 4349 558 4398 rhua
570 4348 679 4410 ponenda
691 4350 748 4409 sint,
765 4349 844 4400 dicere
860 4360 909 4400 non
922 4347 1009 4406 babeo,
1024 4360 1100 4409 noum
1111 4346 1199 4396 indicia
1214 4347 1248 4396 rei
1262 4345 1365 4396 certiora
1376 4345 1436 4395 mihi
1448 4357 1497 4395 non
1508 4346 1645 4408 suppetant.

126 4422 152 4466 1.
168 4421 196 4467 10
206 4430 294 4480 mappa
303 4420 478 4480 Bergbausiana
488 4423 559 4475 ,000
570 4422 693 4480 hmquam
700 4418 842 4468 hodiernum
855 4418 944 4468 montis
955 4429 1053 4477 nomen,
1065 4415 1209 4465 adscribitur
1218 4416 1368 4478 10000000
1378 4416 1432 4478 post
1441 4417 1543 4464 dosseir
1552 4415 1716 4478 seqotturme·

96 4487 184 4536 ridieni
195 4499 288 4536 versus.
297 4489 377 4537 iiocsi
392 4492 457 4538 recte
465 4488 501 4548 tit,
511 4489 599 4538 iterum
614 4487 674 4536 ordo
683 4488 809 4545 nominum
820 4488 843 4536 in
851 4487 982 4536 Ptolemaeo
991 4489 1055 4535 esset
1068 4487 1199 4547 neglectim

127 4566 150 4606 ⁵.
162 4559 194 4606 in
211 4569 299 4620 mappa
310 4559 486 4621 Berghausiana
496 4561 626 4608 notantur:
640 4558 681 4608 die
695 4557 752 4607 drei
764 4561 847 4622 Berge
855 4557 940 4620 eicie
957 4558 1011 4618 (00ο
1022 4558 1059 4606 to'
1073 4558 1127 4617 tat.)
1146 4558 1299 4620 significatur
1312 4557 1377 4605 haud
1389 4555 1463 4606 dubie
1477 4567 1546 4607 mons
1557 4555 1655 4619 triceps,
1670 4559 1714 4619 qui

94 4628 161 4690 apud
174 4627 430 4692 Bloresby‘umangiiee
444 4631 547 4679 vocatur
559 4632 609 4680 cat
627 4641 686 4678 ears
699 4627 814 4691 (00“01’);
826 4629 865 4676 001
879 4627 974 4690 adjaed
988 4629 1093 4690 0001000
1104 4641 1174 4678 mons
1188 4628 1273 4678 Aoou·
1279 4630 1366 4678 10000.

125 4706 151 4748 e.
167 4699 239 4756 Quod
250 4700 341 4750 insutas
351 4701 446 4762 attinet,
455 4702 550 4750 constat
563 4699 593 4750 de
609 4703 705 4762 Topazo
716 4701 740 4748 in
753 4699 802 4748 alto
821 4699 866 4748 sita
880 4699 931 4759 (03ο
941 4699 998 4759 06).
1013 4702 1097 4762 ltaque
1110 4713 1165 4761 que
1185 4700 1294 4761 proxime
1305 4696 1425 4748 antecedit
1437 4696 1597 4748 dardaniae
1606 4700 1643 4748 est
1654 4698 1712 4748 hod.

96 4775 207 4820 lincoar
222 4784 264 4821 seo
286 4771 428 4828 cornatm
450 4773 572 4833 reliques
588 4775 640 4820 Bas
652 4771 677 4822 el
696 4769 750 4830 Aris
763 4771 860 4818 boream
872 4783 955 4819 versus
969 4783 1021 4818 esse
1033 4769 1130 4819 debent.
1142 4773 1170 4819 ln
1189 4769 1308 4829 idoceshyi
1329 4779 1415 4830 mappa
1428 4768 1521 4816 0000101
1535 4770 1651 4830 qrrattoor
1665 4781 1714 4816 000

96 4847 165 4902 longe
177 4841 239 4890 inter
253 4853 280 4890 se
290 4840 383 4890 dissitas
399 4842 515 4890 notantur
528 4843 538 4901 (
545 4839 675 4890 shownrit
683 4840 702 4900 ),
713 4852 768 4900 qum
780 4851 830 4888 ease
840 4837 951 4888 ridentur
967 4840 1111 4890 Halonnesl
1123 4839 1207 4898 Piinii3
1220 4838 1250 4886 ab
1264 4838 1302 4887 his
1313 4838 1411 4888 boream
1426 4850 1510 4888 rerem
1523 4839 1618 4887 nonnisi
1626 4851 1714 4900 00000·

96 4911 132 4960 los
142 4911 236 4974 Anglus
248 4913 325 4961 nauta
333 4911 441 4970 exhibet,
454 4912 512 4962 dum
520 4911 679 4974 Borghauaius
699 4911 731 4960 ihi
743 4911 844 4963 collocat
856 4913 930 4960 Siren
943 4911 1001 4960 inas.

126 4985 150 5029 7.
163 4983 234 5030 lions
246 4981 332 5030 iamiar
347 4985 467 5032 0001000
477 4981 633 5043 pedeaaltus;
646 4980 802 5044 ᾰγκνροὸὀλια
811 4981 888 5030 insola
900 4995 948 5032 non
961 4980 1061 5044 praebet.
1077 4977 1190 5029 monente
1200 4978 1333 5041 hiorcshyo.

127 5055 150 5099 a.
164 5051 652 5114 1110008000(Ηο0000000.1100011000
664 5054 672 5113 )
685 5053 769 5114 portus
780 5053 816 5101 est
823 5053 901 5112 parcis
915 5053 1018 5101 northus
1027 5051 1134 5099 idoneus.
1148 5051 1184 5100 Ad
1193 5050 1258 5098 lirrnc
1268 5048 1364 5098 Bazimn
1374 5048 1567 5110 promontorium
1576 5045 1712 5108 ponendum

96 5132 123 5168 es
137 5125 249 5182 computo
265 5121 402 5172 Ptolemaei.
423 5120 470 5171 scd
488 5121 538 5172 lieri
551 5123 642 5182 potuit,
656 5125 684 5171 ut
699 5122 779 5170 minus
789 5125 900 5172 accurate
912 5123 1064 5173 latitudinem
1077 5124 1162 5171 auctor
1176 5121 1302 5180 notaverit,
1310 5123 1335 5172 rt
1343 5121 1498 5183 cogitandum
1511 5119 1542 5170 sit
1556 5119 1587 5169 de
1597 5123 1714 5181 sequente

97 5193 257 5251 [rorooutorio
272 5189 452 5243 Abori-Darat
467 5190 517 5252 (00υ
527 5190 581 5250 10),
597 5191 688 5253 lougius
697 5192 722 5240 in
737 5205 961 5254 inareprocurrens,
975 5194 1076 5253 humile,
1087 5195 1178 5242 iccium
1189 5192 1300 5240 arhmtis.
