3950 5925
247 430 304 483 rsa
739 422 923 483 ιινοιινιιι
947 422 1149 502 (ειιιιιιινι,
1170 426 1223 486 ur
1244 424 1426 521 ranam)
1753 428 1869 505 (απ.)

245 548 292 617 τῆς
306 547 443 622 ἀναγωγῆς
454 546 693 625 πραιιαταίῖαίνοιισι
711 546 745 604 τὰ
761 550 841 608 πλοῖα
857 550 903 609 καί
918 551 963 610 lul
979 552 1030 610 σαί-
1074 580 1215 632 egressurae
1229 562 1404 629 descendunt,
1417 563 1509 633 ibique
1521 562 1556 616 ad
1569 565 1720 635 recipienda
1732 584 1818 621 unm
1838 572 1867 619 in

246 636 293 693 λον
308 634 468 711 διαρμόζεται
479 632 543 713 πρὸς
556 634 686 715 ἀνάληψιν
695 639 748 695 τῶν
759 639 871 717 φορτίων
884 637 927 695 διὰ
942 638 975 709 δὴ
985 639 1030 698 τὸν

248 721 367 797 παταμὸν
384 720 486 801 ίρματα
501 721 553 780 καί
564 721 688 790 διόπλους
702 722 772 803 ἔχειν
790 725 929 805 ἐλαφρούς.
972 729 1031 787 Αὖ-

246 806 287 867 τοί
299 806 326 867 δὲ
338 810 361 867 οἱ
382 810 499 887 βασιλεῖς
520 809 675 890 ἀμφοτέρων
684 814 737 869 τῶν
754 812 886 892 ἐμπορίων
898 816 924 871 ἓν
935 818 968 894 τῇ
981 838 1031 891 με-

224 894 337 975 ναογείρ
366 900 526 955 κατοικοῦσι.
571 896 626 956 Καὶ
656 896 718 977 περὶ
741 898 834 955 τούσδε
856 898 915 965 τοὺς
937 900 1032 967 τόπους
1074 902 1224 955 riculosam.
1261 903 1372 972 Signum
1392 902 1655 973 appropinquationis
1671 903 1705 957 ad
1722 908 1865 961 contineo·

244 982 481 1087 ³⁰lil³i¹³⁸l4lf⁰5
502 984 686 1063 [ἐρχομένοις]
701 985 809 1061 σημεῖον
829 985 954 1057 indoli<
966 990 1030 1046 ‘¹⁶¹⁹
1074 1024 1128 1066 tem
1143 1032 1175 1066 ex
1200 1013 1254 1067 alto
1274 1014 1439 1066 venientibus
1464 1013 1514 1067 illis
1536 1032 1643 1085 quoquc
1665 1017 1693 1068 in
1713 1016 1778 1069 loeis
1800 1033 1864 1073 sunt

245 1072 269 1127 ol
288 1091 507 1147 προαπαντυιντες
525 1070 608 1151 ὄφεις,
625 1072 735 1149 μίλανες
757 1070 804 1148 μίν
822 1073 868 1131 καὶ
887 1074 960 1133 αὐτοὶ
982 1075 1031 1146 τὴν

245 1158 337 1237 χρόαν,
354 1156 510 1239 βραχύτεροι
522 1158 550 1217 δὲ
562 1158 608 1218 καί
629 1160 831 1239 δρακοντοειδεῒς
844 1159 892 1231 τὴν
913 1161 1031 1242 κεφαλὴν

244 1245 290 1305 χαὶ
302 1246 356 1313 τοῖς
368 1246 486 1323 61²!th
498 1246 669 1325 αἱματώδης,
1074 1241 1158 1310 capite
1173 1239 1269 1292 similes
1280 1238 1449 1307 draconibus,
1462 1240 1545 1294 oculis
1557 1244 1717 1312 sanguineis.

206 1352 231 1389 ru
285 1356 323 1397 ιο.
347 1336 418 1396 Πλεῖ
431 1332 458 1392 δὲ
479 1338 516 1401 είς
536 1334 569 1393 τὰ
591 1334 706 1415 ἐμπόρια
726 1339 812 1393 ταῦτα
830 1335 932 1413 μεγόλα
948 1339 1030 1395 πλοῖα
1112 1352 1155 1403 56,
1186 1352 1329 1421 Navigmur
1355 1353 1384 1404 in
1404 1353 1461 1405 haee
1483 1355 1602 1424 emporia
1624 1354 1735 1407 naribus
1760 1360 1863 1426 magnis

245 1422 288 1480 did
310 1422 354 1481 τόν
370 1421 447 1500 ὄγκον
469 1422 516 1480 xal
534 1422 564 1480 τὸ
586 1425 683 1492 πλῆθος
699 1428 744 1481 τοῦ
765 1422 897 1503 πεπέρεως
916 1423 961 1481 καί
984 1430 1031 1484 τοῦ
1075 1448 1184 1509 propter
1195 1436 1317 1489 volumen
1328 1446 1355 1489 et
1365 1437 1467 1507 copiam
1478 1439 1577 1509 piperis
1585 1449 1613 1491 et
1625 1439 1788 1493 malabathri.
1810 1446 1862 1495 lm·

246 1508 430 1589 μαλαόοίθρου.
476 1510 617 1587 Προχωρεῖ
634 1508 661 1566 δὲ
674 1510 709 1575 είς
724 1508 806 1579 αὐτὴν
825 1507 1030 1588 προηγουμένως
1075 1534 1214 1594 pariantur
1225 1522 1278 1575 huc
1291 1521 1326 1574 de
1337 1524 1473 1593 proposito
1486 1535 1593 1578 moneta
1604 1524 1733 1595 plurima,
1753 1528 1863 1598 chryso·

245 1596 374 1674 χρήματα
394 1596 524 1671 πλεῖστα,
546 1594 704 1675 χρυσόλιθα,
726 1596 869 1674 ἱματισμὸς
885 1596 1029 1663 ἁπλοῦςόὗ
1075 1608 1150 1674 lithi,
1167 1610 1274 1661 vestitus
1290 1608 1415 1678 simplicis
1438 1627 1494 1661 non
1516 1609 1647 1675 multum,
1662 1612 1782 1682 pluribus
1795 1614 1862 1667 liciis

245 1683 338 1757 πολὺς,
361 1683 507 1761 πολύμιτα,
535 1684 646 1761 σιίμμι,
673 1684 819 1764 κοροίλλισν,
845 1685 923 1753 ὕαλος
943 1684 1029 1765 ἀργὴ,
1075 1706 1155 1759 texta,
1170 1695 1280 1759 stimmi,
1293 1693 1438 1759 corallium,
1454 1696 1552 1748 vitrum
1562 1695 1862 1767 rude,as,stannum,

205 1790 231 1829 tt
245 1772 360 1851 χαλκός,
373 1772 538 1851 κασσίτερος,
553 1770 698 1849 μόλυόδος,
720 1765 785 1839 οἶνος
806 1775 834 1831 οὖ
848 1774 943 1849 πολὺς,
966 1774 1030 1831 ὡσεὶ
1074 1780 1230 1853 plumbum,
1243 1781 1298 1832 vini
1312 1798 1367 1833 non
1383 1780 1512 1846 multum,
1531 1779 1577 1833 sed
1589 1792 1692 1835 tantum
1710 1783 1763 1837 lere
1777 1804 1862 1856 quarr-

245 1858 273 1917 di
293 1864 415 1917 τοσοῦτον
431 1858 490 1918 ὅσον
503 1861 528 1917 ἓν
550 1859 734 1939 Βαρυγσίζοις,
747 1859 914 1939 σανδαρόκη,
928 1862 1030 1939 ἀρσενι·
1074 1880 1133 1923 tum
1151 1866 1287 1937 Barygazis
1301 1865 1434 1932 rendum,
1449 1867 1604 1933 sandaraoe,
1621 1870 1786 1935 arsenicum,
1805 1872 1862 1925 sru-

243 1946 301 2019 σιὸν,
316 1956 386 2013 σῖτος
398 1946 424 2005 δὲ
437 1946 495 2013 ὅσος
508 1946 614 2027 ἀρκέσει
628 1950 681 2013 τοῖς
695 1946 755 2027 περὶ
767 1946 798 2007 τὸ
815 1947 971 2027 ναυκλήρων
985 1946 1028 2005 διὰ
1075 1966 1195 2009 mentum
1219 1964 1347 2024 quantum
1374 1955 1436 2007 satis
1457 1965 1497 2007 est
1518 1954 1552 2008 ad
1573 1973 1652 2009 usum
1674 1959 1860 2023 nauticorum,

243 2034 273 2093 τὸ
286 2032 324 2111 μὴ
337 2032 396 2101 τοὺς
407 2032 538 2115 ἐμπόρους
553 2037 624 2116 αὐτῷ
638 2038 763 2115 χρῆσθαι.
808 2036 924 2117 Φέρεται
938 2033 1029 2093 birri·
1074 2059 1158 2112 quum
1173 2049 1333 2092 mercatores
1351 2056 1383 2091 eo
1405 2038 1439 2091 ad
1461 2040 1649 2109 negotiandum
1671 2060 1726 2095 non
1741 2054 1861 2097 utantur.

243 2144 304 2200 περι
331 2124 474 2201 μονογενῶς
493 2124 520 2181 ἐν
542 2122 580 2181 tvl
604 2122 678 2203 τόπῳ
700 2122 798 2181 τούτων
819 2126 871 2181 τῶν
893 2121 1026 2203 ἐμπορίων
1074 2128 1238 2183 convehitur
1249 2138 1337 2180 autern
1358 2125 1452 2179 codem
1466 2130 1556 2198 peperi
1574 2131 1678 2182 nonnisi
1693 2132 1721 2182 in
1740 2148 1796 2184 una
1811 2132 1863 2183 ho-

205 2228 232 2267 au
243 2209 403 2287 γεννώμενον
417 2208 502 2287 πολὺ,
517 2209 692 2288 τῇλεγομίνῃ
712 2212 905 2291 Κοπτοναρικῇ·
920 2209 1026 2290 ρέρεται
1074 2232 1135 2267 rum
1158 2216 1339 2285 emporiomm
1362 2214 1470 2281 regione
1492 2216 1597 2283 copiose
1615 2218 1787 2285 proveniens,
1802 2234 1864 2287 quae

244 2296 271 2355 δὲ
283 2296 330 2356 καλ
342 2294 505 2377 μαργαρίτης
520 2296 609 2363 ἱκανὸς
624 2296 669 2356 καί
682 2296 802 2377 διόρορος
813 2297 858 2355 καί
873 2297 967 2377 ἕλε’ρας
982 2296 1029 2354 καί
1074 2304 1241 2356 Cottonariee
1257 2312 1374 2353 venatur.
1412 2303 1540 2353 Praeterm
1553 2302 1739 2358 bucscruntur
1757 2322 1864 2374 marga-

243 2383 330 2443 ὀθόνια
342 2382 446 2464 Σηρικίι
457 2382 503 2442 καί
514 2383 604 2464 νάρδος
614 2383 793 2463 risui-murth
803 2384 849 2443 καί
856 2383 1028 2464 μαλάόαθρον
1073 2391 1185 2443 ritarum
1198 2389 1353 2442 eximiarum
1367 2391 1443 2460 copia
1456 2389 1527 2442 haud
1541 2390 1644 2459 exigua,
1657 2392 1736 2455 ebur,
1748 2394 1863 2448 othonia

243 2476 274 2531 ἐκ
284 2476 336 2531 τῶν
351 2470 502 2531 inuaditur
514 2474 550 2540 είς
562 2471 655 2545 αὐτὴν,
674 2472 721 2531 καὶ
735 2472 804 2531 λιθία
818 2473 944 2553 διαφανὴς
956 2495 1028 2531 παν·
1074 2477 1173 2541 νοτίου,
1185 2474 1284 2528 nardus
1299 2476 1443 2543 Gangetica
1455 2486 1482 2527 ct
1494 2476 1685 2529 malobathrum
1704 2496 1738 2530 ex
1751 2480 1863 2533 interio-

185 2588 189 2602 ι
243 2560 302 2618 τοία
313 2560 359 2617 xxi
371 2557 475 2635 ἀδάμας
489 2558 535 2617 καί
547 2558 665 2626 ὑάκινθος
676 2557 722 2617 καί
733 2558 907 2638 χελώνηῆτε
922 2563 1028 2640 Χρυοο·
1055 2566 1148 2617 wihus
1167 2563 1244 2628 locis,
1260 2562 1358 2634 lapides
1377 2562 1500 2633 pellucidi
1518 2566 1620 2633 generis
1643 2566 1861 2633 rarii‚adamas,

202 2663 229 2700 τι
244 2646 386 2719 νησιωτικὴ
411 2645 458 2704 καὶ
483 2650 501 2717 ἡ
529 2646 590 2725 περὶ
617 2646 664 2714 τίις
682 2645 775 2717 νήσους
797 2647 957 2726 θηρευσμὲνη
978 2646 1026 2716 τὰς
1073 2650 1241 2722 hyacinthus,
1254 2649 1359 2702 testudo
1372 2660 1429 2702 tum
1443 2650 1569 2722 eChryse
1588 2652 1671 2705 insula
1683 2663 1741 2707 tum
1755 2673 1817 2725 quae
1833 2657 1862 2708 in

244 2732 416 2815 προκειμένας
426 2734 562 2809 αὐτῆςρτῆς
575 2738 728 2813 Λιμυρυιῆς.
760 2733 914 2794 Πλίουσιδί
932 2738 1027 2800 εἷςαιίω
1072 2738 1181 2808 objectis
1194 2737 1244 2808 ipsi
1256 2738 1394 2807 Limyricae
1405 2737 1496 2813 insulis
1516 2741 1628 2809 oepnur.
1665 2742 1797 2811 Navigant
1809 2744 1863 2795 bur

243 2818 290 2892 τὴν
303 2823 327 2879 οἱ
339 2822 407 2879 κατὰ
421 2818 511 2900 καιρὸν
524 2820 679 2899 ἀναγόμενοι
690 2822 737 2879 ἀπ’
752 2821 890 2900 Αἰγύπτου
908 2822 969 2903 περὶ
982 2823 1027 2882 τὸν
1072 2836 1389 2897 temporeopportunoex
1400 2826 1512 2897 AEgypto
1521 2826 1649 2881 solventes
1658 2830 1728 2883 circa
1740 2848 1860 2884 mensem

244 2907 352 2970 Ἰούλιον
365 2912 449 2985 μῆνα,
466 2909 481 2966 ὅ
494 2910 563 2968 ἐστιν
576 2907 681 2991 Ἐπιρί.
1072 2913 1171 2968 lulium
1184 2913 1238 2967 sive
1251 2910 1359 2984 Epiphi.

283 3018 320 3059 ιι.
343 3001 442 3062 Τοῦτον
464 2996 490 3055 δὲ
511 2996 571 3056 tlon
590 2997 634 3056 τόν
659 2999 793 3078 εἰρημένον
814 2998 957 3078 περίπλουν
974 2999 1027 3058 ἀπὸ
1111 3002 1153 3071 57.
1173 3002 1298 3054 Ceterum
1317 3011 1400 3053 totam
1423 3000 1491 3053 lranc
1513 3018 1593 3071 quam
1609 3002 1797 3074 descripsimus
1809 3007 1860 3056 cir·

202 3103 230 3142 to
245 3087 332 3158 Καινῆς
341 3086 387 3144 καί
400 3091 446 3156 τῆς
458 3085 618 3162 Εὐδαίμονος
630 3085 754 3166 Ἀραόίας
767 3089 790 3146 nl
806 3085 1027 3168 μὲνἹεικροτίροις
1072 3091 1327 3158 cumnavigatronem
1347 3087 1410 3140 inde
1420 3088 1454 3141 ab
1467 3089 1538 3141 Cane
1548 3100 1575 3142 et
1587 3089 1749 3143 Eudaemone
1763 3093 1861 3144 Arabia

241 3174 340 3241 πλοίοις
353 3172 578 3254 περικολπίζοντες
603 3173 713 3248 ἔπλεον,
729 3179 830 3255 πρῶτος
851 3175 878 3233 δὲ
895 3173 1028 3243 Ἵππαλος
1072 3176 1136 3230 olim
1152 3175 1259 3246 quidem
1273 3174 1421 3227 minorihus
1439 3174 1549 3227 navibus
1562 3175 1667 3228 sinuum
1688 3177 1813 3247 ambages
1826 3179 1860 3230 le·

1074 788 1105 840 lis
1116 788 1218 842 obsitus
1228 800 1269 842 est
1278 800 1303 841 et
1314 790 1554 861 pernavigationem
1566 791 1601 843 ob
1614 791 1704 845 brevia
1716 793 1797 847 habet
1817 812 1866 865 pe·

1075 1137 1208 1197 serpentes
1228 1125 1319 1191 obvii,
1340 1125 1428 1179 colore
1441 1137 1466 1179 et
1479 1126 1528 1198 ipsi
1547 1128 1638 1197 nigro,
1651 1128 1696 1181 sed
1710 1130 1862 1197 breviores,

1073 676 1128 729 salo
1141 678 1296 742 consistunt,
1312 680 1439 749 quoniam
1452 678 1549 730 lluvius
1562 677 1616 749 (ad
1632 681 1752 750 ostium)
1767 700 1866 754 scopu·
1961 703 1962 724 ι

240 3396 503 3452 vinohabeslormam
510 3395 619 3468 Βακαρὴ,
628 3397 1027 3466 quameonlirmattumlluxupei
1075 3398 1086 3464 ΙΙ
1097 3427 1134 3437 -
1152 3396 1193 3448 15.
1208 3395 1286 3448 ιὐσελ
1297 3397 1307 3466 l
1318 3397 1391 3456 σώζει
1402 3395 1475 3461 cod.;
1486 3413 1540 3449 em.
1549 3395 1737 3450 Schwanbeclr.
1750 3415 1778 3468 p.
1794 3399 1859 3462 33};
1964 3388 1965 3463 l

239 3477 371 3530 Ptolemaei
383 3495 439 3529 non
451 3494 500 3529 suo
511 3476 569 3528 looo
579 3477 674 3546 posita,
684 3487 741 3528 tum
752 3479 845 3528 Becare
854 3474 941 3538 Plinii,
956 3475 1028 3546 apud
1071 3491 1232 3545 quamquam
1241 3473 1323 3526 dubia
1333 3485 1372 3526 est
1380 3475 1508 3527 correctio
1517 3473 1553 3526 ob
1564 3493 1675 3545 sequens
1687 3473 1712 3528 ἐν
1723 3476 1796 3545 nep„
1812 3493 1860 3547 pro

240 3574 319 3627 quem
339 3575 477 3628 perperam
490 3555 644 3608 Harduinus
662 3565 688 3606 et
708 3555 779 3624 Sillig
793 3560 891 3607 Buruce
903 3573 918 3606 e
931 3556 1029 3608 Nostro
1071 3569 1126 3621 quo
1147 3550 1285 3620 legendum
1300 3551 1368 3604 soret
1381 3551 1414 3615 είς
1430 3553 1572 3622 Βαριίγαζας
1589 3553 1756 3606 namvocula
1769 3552 1797 3604 ἔν
1812 3571 1860 3624 pro

240 3634 396 3687 intulerunt.
410 3635 530 3703 Denique
542 3631 654 3684 lormam
671 3629 768 3702 Βαααρὴ
780 3642 870 3684 tuetur
887 3633 966 3684 etiam
980 3633 1029 3686 ho-
1072 3629 1096 3691 ἔς
1105 3647 1235 3699 nusquam
1247 3631 1342 3684 Noster
1355 3632 1449 3682 utitur.
1467 3633 1613 3683 Vincentus
1624 3649 1652 3702 p.
1668 3633 1720 3695 458
1739 3631 1860 3684 haesitans

241 3711 350 3764 diurnus
366 3712 488 3764 Murluri
510 3711 583 3764 locus
601 3708 636 3762 ad
657 3711 754 3763 ostium
777 3711 850 3762 lluvii
870 3712 944 3763 situs.
966 3712 976 3780 ll
992 3742 1029 3753 -
1072 3709 1149 3760 vertit
1159 3708 1411 3780 asprofitublensat
1422 3712 1563 3778 Barygaza
1576 3712 1588 3779 ll
1601 3740 1638 3750 —
1649 3701 1691 3763 rii.
1702 3709 1857 3783 ρίρεται]

244 3806 269 3842 ι.
293 3789 620 3860 προιιαταόαίνουσι..
650 3789 875 3859 διορμίζεται]
896 3800 1028 3845 structum
1071 3787 1090 3838 i.
1101 3805 1125 3839 e.
1137 3787 1493 3858 convehiturinemporium,
1503 3787 1858 3860 utindeexportetur,sicuti

241 3868 333 3922 laxior.
350 3869 361 3937 ΙΙ
376 3899 412 3909 -
424 3884 451 3921 a.
463 3868 513 3920 διὰ
529 3867 562 3933 δὴ
578 3867 651 3937 τὸν]
666 3867 707 3918 διὰ
720 3868 746 3920 δὲ
758 3867 800 3920 rbi
813 3868 912 3934 oodex;
929 3869 955 3922 δὲ
968 3869 1028 3940 ejici
1071 3884 1131 3918 mox
1147 3866 1227 3919 habes
1238 3866 1386 3919 distinctius
1397 3868 1493 3937 ρίρεται
1507 3866 1540 3929 εἰς
1552 3867 1636 3934 uirili.
1651 3870 1662 3935 ll
1676 3897 1714 3908 —
1724 3885 1767 3936 19.
1784 3867 1812 3921 ἔν
1825 3868 1860 3920 ἑνί

241 3947 323 4000 voluit
332 3947 561 4002 schwanbeekius.
575 3947 643 3998 Dein
656 3945 738 3999 codex
750 3945 803 4018 ἔχει
814 3965 864 4018 pro
876 3947 954 4018 ἔχειν.
969 3951 1028 4018 11-
1070 3945 1139 4015 τόπῳ
1148 3945 1227 4016 τούτῳ
1239 3950 1274 4016 τῷ
1288 3943 1397 4016 ἐμπορίῳ
1410 3963 1465 4017 γεν.
1479 3946 1544 4000 πολὺ
1556 3946 1680 4018 λεγομένη
1693 3946 1860 4019 Κοττοναραξ,

241 4027 268 4080 3.
285 4027 431 4097 ἕρματα]
449 4027 548 4098 ἅλματα
562 4025 655 4090 codex,
673 4025 744 4096 quod
759 4037 798 4078 est
809 4026 893 4080 nihili.
908 4030 948 4080 De
964 4029 1027 4098 ἕρμα
1070 4023 1163 4077 codex.
1172 4027 1306 4077 Postrema
1313 4025 1426 4078 editores
1435 4025 1860 4079 indenStucliomutaruntinlc·

241 4123 304 4158 voce
314 4123 339 4158 v.
351 4114 407 4158 not.
418 4105 452 4157 ad
458 4105 557 4176 Scylac.
568 4122 595 4174 p.
608 4121 652 4172 92.
666 4107 706 4156 Do
718 4123 746 4156 re
754 4106 900 4158 Vincentus
912 4125 938 4177 p.
951 4107 1002 4176 457
1018 4125 1025 4160 :
1069 4104 1178 4174 γόμενον
1192 4104 1382 4174 Κοττοναριιιόν.
1392 4107 1432 4159 De
1443 4109 1582 4157 (berorum
1591 4105 1691 4172 regione
1700 4104 1735 4156 cl.
1746 4105 1856 4157 Plinius.

244 4187 294 4237 ·1n
302 4183 413 4237 modern
420 4195 531 4237 account
544 4184 588 4236 tlre
594 4185 664 4236 river
674 4183 744 4236 itsell
749 4183 913 4237 isdescribed
920 4205 948 4238 as
958 4187 1027 4256 large
1071 4183 1113 4235 Ab
1132 4182 1199 4234 urbe
1218 4185 1256 4235 sic
1279 4194 1370 4236 vocata
1388 4194 1507 4254 putatur,
1526 4201 1586 4254 (μιαν
1598 4182 1680 4236 hodie
1698 4182 1792 4236 Cocht'n
1803 4203 1859 4237 csse

240 4262 292 4316 und
303 4261 379 4333 deep,
395 4263 444 4317 but
454 4261 606 4316 obstructerl
624 4273 650 4314 at
670 4263 705 4314 its
717 4263 809 4314 mouth
828 4262 863 4333 lry
874 4264 962 4316 rlnrrls
973 4265 1026 4317 and
1069 4262 1183 4314 videtur.
1194 4262 1316 4314 Ceterum
1326 4263 1361 4316 ita
1372 4262 1557 4333 Bernlrarxlpas
1568 4279 1574 4315 :
1591 4287 1603 4308 ι
1614 4263 1782 4315 Femininum
1792 4280 1860 4332 quo-

240 4341 399 4396 sandlranlrs.
418 4344 428 4410 ΙΙ
441 4373 478 4383 -
487 4343 513 4395 3.
528 4341 706 4412 ἐλαφροὺς]
722 4342 740 4393 i.
751 4359 775 4393 c.
787 4341 885 4394 brevia.
901 4345 935 4394 V.
948 4361 1027 4414 supra
1070 4342 1141 4393 niam
1152 4359 1206 4393 non
1225 4351 1322 4393 temere
1335 4344 1422 4412 potuit
1433 4345 1557 4413 imepere,
1575 4341 1681 4394 videtur
1698 4341 1763 4394 illud
1781 4341 1859 4395 addi·

240 4431 297 4473 not.
310 4421 343 4473 ad
355 4424 370 4490 S
383 4425 426 4484 [ςο.
446 4424 457 4490 ΙΙ
468 4451 504 4461 -
515 4425 542 4484 4.
558 4421 589 4474 ἐν
603 4423 636 4490 τῇ
648 4420 803 4490 μεσογείᾳ
819 4423 1026 4492 κατοικοῦσι]
1069 4418 1223 4471 dementum
1236 4418 1305 4471 infra
1317 4422 1474 4489 pertinuisse
1491 4421 1525 4473 ad
1538 4420 1617 4472 verba
1628 4419 1670 4472 καὶ
1684 4418 1816 4488 χελώνηῆ
1832 4439 1859 4472 τε

239 4500 347 4552 Muziris
361 4517 406 4552 rex
419 4502 446 4552 in
457 4501 556 4553 Carura
577 4499 659 4563 urbe,
673 4497 846 4563 ut·vidimus;
860 4499 983 4552 Pandion
997 4501 1025 4553 in
1070 4496 1311 4567 Χρυσονησιωτικηὴ
1326 4499 1381 4568 περὶ
1395 4498 1438 4560 τὰς
1458 4499 1546 4564 νήσους
1563 4501 1713 4570 θηρευομίνη
1727 4509 1790 4562 etc.,
1810 4499 1859 4551 ulii

239 4576 353 4630 Modura
364 4578 404 4644 (h.
420 4577 639 4644 Mnduru),teste
648 4577 743 4630 Plinio.
758 4578 1023 4650 11-6.σημεῖον]
1069 4572 1233 4628 desideratur
1251 4574 1361 4629 alterum
1381 4577 1531 4630 membrum
1551 4577 1621 4644 ιιαλῆ
1639 4577 1695 4648 λεγ.
1714 4601 1726 4623 ι
1749 4581 1784 4630 llt
1796 4587 1861 4646 post
1964 4640 1965 4649 ρ

241 4655 350 4724 σημείοις
363 4655 461 4720 codex,
476 4673 528 4709 ern.
544 4654 631 4719 editt.;
651 4673 741 4707 vocem
760 4653 916 4724 ἐρχομένοις,
931 4655 1025 4709 collato
1070 4671 1095 4704 v.
1111 4655 1247 4724 Χρόοανησ.
1261 4653 1345 4707 codex
1364 4655 1460 4708 lrabere
1477 4656 1582 4709 videtur
1599 4657 1657 4721 καὶ,
1672 4657 1771 4728 quippe
1783 4657 1862 4726 quod

239 4733 312 4802 533.
329 4737 378 4797 ir,
394 4733 823 4806 supplevitSchwanbeelrius.lles
835 4733 950 4798 Paulini,
966 4733 1026 4786 diu·
1069 4732 1164 4804 ejicere
1185 4733 1267 4786 voluit
1293 4733 1424 4787 Stuclius.
1440 4736 1451 4804 ll
1472 4740 1567 4799 -αί,
1588 4735 1605 4801 ἡ
1625 4754 1722 4806 ττχρ.
1750 4733 1803 4786 καὶ
1820 4733 1860 4804 ἡ]

240 4814 292 4867 tius
303 4814 330 4866 in
344 4813 384 4866 lris
405 4813 555 4882 regionibus
568 4815 678 4878 versati,
693 4813 858 4883 aliorumque
871 4814 1027 4866 testimoniis
1070 4815 1090 4866 i.
1101 4832 1124 4867 e.
1135 4813 1240 4866 testudo
1249 4823 1305 4865 tum
1316 4831 1346 4866 ea
1357 4832 1417 4884 quae
1427 4814 1454 4866 in
1463 4815 1563 4885 Chryse
1571 4815 1655 4868 insula
1666 4814 1798 4866 interioris
1813 4816 1862 4865 In-

239 4891 407 4964 comprobata
420 4903 468 4945 cst.
480 4890 521 4945 Cs.
540 4894 663 4944 vincent.
676 4893 712 4956 ll,
727 4909 754 4962 p.
769 4891 830 4960 457.
1071 4892 1121 4945 dire
1135 4891 1180 4963 (ν.
1193 4895 1208 4960 5
1220 4893 1254 4944 63
1266 4894 1293 4961 ),
1309 4902 1366 4945 tum
1377 4910 1436 4963 quae
1447 4895 1474 4945 in
1487 4893 1578 4946 insulis
1598 4893 1737 4964 Limyricae
1748 4889 1864 4960 objectis

275 4975 290 5040 S
304 4977 349 5036 56,
366 4972 383 5023 l.
400 4988 442 5025 ιο.
456 4970 596 5042 μεγάλα]
619 4969 680 5041 μετὰ
694 4969 794 5035 codex;
809 4969 892 5024 πολλὰ
903 4989 954 5024 scr.
967 4973 1027 5026 Stu-
1070 4973 1181 5041 eapitur.
1193 4969 1295 5038 Quodsi
1305 4981 1392 5024 autem
1406 4971 1489 5025 oodex
1501 4991 1554 5024 non
1567 4972 1646 5025 habet
1656 4971 1767 5024 atalante
1776 4968 1791 5034 h
1801 4970 1864 5040 περὶ

239 5048 322 5102 clrius.
342 5051 353 5119 ΙΙ
364 5081 400 5091 -
415 5066 455 5102 12.
478 5048 523 5111 είς
538 5047 634 5115 αὐτὴν
647 5051 657 5120 ]
670 5049 837 5121 exspectabas
850 5048 883 5110 εἶς
892 5048 967 5114 αὐτὰς
981 5050 1028 5103 sod
1071 5050 1114 5112 τὰς
1126 5050 1213 5115 νήσους
1228 5049 1278 5122 (ut
1291 5067 1324 5102 ex
1337 5050 1500 5122 Bernhardyi
1513 5051 1598 5104 verbis
1609 5049 1752 5120 colligas),
1767 5050 1864 5102 nescio

241 5126 304 5180 illud
319 5147 350 5180 ex
364 5147 436 5182 more
456 5129 554 5182 Nostri.
574 5129 584 5198 ll
601 5159 638 5169 —
651 5133 692 5192 τί.
707 5130 781 5200 οτίμη
797 5128 858 5182 cud.
879 5130 946 5180 Dein
958 5129 1028 5191 τέλος
1071 5148 1105 5183 an
1116 5129 1222 5194 fueriti
1240 5148 1267 5181 τε
1278 5129 1382 5198 χερσαία
1396 5129 1463 5195 καλὴ
1478 5128 1611 5197 νησιυιτικὴ
1624 5127 1640 5195 ἡ
1654 5129 1710 5198 περὶ
1725 5126 1806 5196 ricini]
1823 5157 1864 5168 -

241 5223 291 5276 pro
309 5205 392 5268 ὕαλος,
412 5225 464 5258 cm.
479 5205 569 5260 Stuclr.
592 5204 655 5276 ἀργὴ
671 5226 724 5260 non
741 5219 779 5260 oet
795 5208 898 5272 album,
914 5218 943 5260 ut
961 5209 1028 5259 vin-
1066 5210 1109 5262 28.
1125 5205 1250 5278 όέοτιν]
1263 5209 1301 5260 sic
1314 5207 1411 5270 codex;
1427 5210 1454 5269 ός
1468 5207 1490 5260 ἔ.
1504 5207 1570 5260 edit.

240 5295 334 5338 ocutus
343 5295 427 5356 putat,
437 5285 483 5338 scd
493 5285 555 5339 rrulc
565 5287 672 5354 vitrum,
686 5299 715 5341 ut
725 5286 800 5357 ἀργόν
811 5287 876 5359 ἔριον
887 5298 912 5341 ct
922 5287 1025 5341 similia.
1101 5287 1167 5356 557,
1181 5287 1198 5340 l.
1210 5289 1244 5342 30
1257 5292 1298 5355 τῆς
1306 5306 1360 5341 om.
1374 5287 1436 5342 edd.
1449 5289 1460 5358 11
1470 5319 1506 5330 -
1515 5287 1538 5340 oi
1549 5288 1592 5359 pla
1605 5289 1651 5358 πρό
1661 5307 1726 5358 tepor
1740 5307 1762 5341 s.
1778 5287 1862 5341 edla:
