3950 5925
230 364 286 415 366
951 349 1114 411 hlilllle

231 485 351 567 βραχέα,
381 483 499 560 κατάπερ
531 485 557 539 ἐν
589 485 626 561 τῷ
650 480 783 557 μεσσηγὺς
814 481 946 547 Λευκάδος
977 504 1006 539 τε
1054 490 1163 559 perinde
1177 503 1254 561 atque
1266 491 1335 561 apud
1352 492 1475 544 isthmum
1488 494 1556 543 inter
1567 492 1719 545 leucadem
1736 492 1858 549 insulam

229 574 309 645 νήσου
333 575 419 651 ἰσθμῷ
442 570 487 628 καὶ
509 569 677 648 Ἀκαρνανίης
700 568 882 627 ἀποδέδεικται
907 568 1011 644 σημήῖα
1054 589 1131 648 atque
1141 580 1314 632 Acarnaniam
1323 582 1396 647 signa
1404 578 1524 650 quasdam
1532 581 1717 648 navigantibus
1729 585 1857 653 exposita

229 662 296 719 roim
310 656 532 733 ναυτιλλομένοισι
546 660 591 715 τοῦ
605 654 642 731 μὴ
656 654 805 714 ἐποκέλλειν
824 658 851 714 ἐν
865 656 933 714 τοῖσι
949 660 1012 734 βρα·
1053 676 1124 729 sunt,
1141 684 1175 717 ne
1187 684 1265 717 nares
1274 667 1302 718 in
1314 665 1380 718 rada
1393 667 1548 737 impingant.
1587 667 1628 734 (3)
1639 669 1771 720 Cetermn
1786 668 1858 721 sada

228 748 289 827 χίσι
299 748 345 813 τὰς
359 744 428 812 νέας·
452 747 484 821 (al
499 743 567 802 ἀλλὰ
585 744 619 803 τὰ
635 742 681 821 μὲν
705 742 774 802 κατὰ
789 745 925 815 Λευκάδα,
939 748 1012 823 ψαμ-
1053 751 1124 822 apud
1134 752 1281 805 Leucadem
1292 752 1412 805 sabulosa
1424 760 1495 816 sunt,
1508 752 1621 823 ideoque
1632 755 1712 805 etiarn
1726 755 1858 825 impactis

203 835 319 913 ιμώδεα
334 833 425 905 ἐόντα,
439 832 485 890 καλ
502 834 584 890 τοῖσιν
602 830 753 889 ἐποκείλασι
768 830 867 909 ταχέην
881 830 929 900 τὴν
944 834 1011 888 ὕπο·
1053 838 1156 892 facilem
1165 858 1296 893 recessum
1307 838 1467 893 concedunt.
1504 842 1606 893 Verum
1616 841 1660 894 bic
1670 842 1753 894 limus
1763 843 1856 894 astab

228 922 350 993 νόστησιν
370 922 472 980 ἐνδιδοῖ·
486 925 551 979 κεῖθι
566 917 594 977 δέ
607 919 690 990 πηλός
705 919 774 976 ἐστιν
786 918 828 975 ἐπ’
842 917 953 996 ἑκάτερα
966 923 1012 977 τοῦ
1054 939 1165 998 utraque
1186 939 1259 998 par-te
1275 927 1342 994 loci,
1358 929 1387 980 in
1408 946 1463 998 quo
1485 929 1631 997 navigatur,
1654 929 1815 1000 profundus
1829 943 1856 983 er

227 1008 371 1085 πλεομένου
388 1007 467 1087 βαθὺς
487 1007 534 1065 καλ
549 1005 675 1078 ἰλυώδης,
695 1004 763 1063 ὥστε
781 1006 888 1091 οὐδεμιῇ
904 1010 1012 1085 μηχανῇ
1053 1024 1145 1079 tenax,
1158 1013 1224 1067 adeo
1234 1024 1264 1066 ut
1276 1032 1355 1066 naves
1365 1015 1484 1085 impactae
1494 1013 1567 1065 nullo
1579 1014 1691 1067 artificio
1700 1016 1776 1069 evelli
1789 1034 1855 1087 pos

228 1096 395 1155 ἐποκείλασιν
407 1087 624 1167 ἤνᾶποσωθῆναι.
669 1090 1013 1171 (ι)οίτεγδρκοντοὶκατδι
1055 1102 1116 1153 sint.
1155 1103 1196 1169 (l)
1220 1102 1310 1153 Contis
1332 1101 1402 1152 enim
1424 1100 1452 1151 in
1473 1099 1536 1151 limo
1560 1100 1761 1153 subsidentibus
1782 1102 1853 1153 nibil

229 1185 368 1254 τοῦπηλοῦ
378 1181 494 1248 δύνοντες
506 1180 580 1241 αὐτοὶ
592 1179 665 1240 οὐδέν
676 1204 702 1238 τι
711 1178 1013 1260 ἐπωρέλεον,ἀνθρώπιγι
1031 1252 1035 1259 υ
1055 1188 1250 1258 proiciebatur.
1288 1188 1380 1256 Neque
1401 1195 1487 1237 nautae
1507 1186 1618 1239 naribus
1638 1186 1727 1255 egredi
1749 1186 1783 1239 ad
1806 1205 1853 1240 ms

192 1291 215 1327 ιο
228 1293 257 1328 τε
269 1270 380 1340 ἐκὸηναι
398 1275 443 1328 τοῦ
462 1272 570 1327 ἀπῶσαι
584 1268 630 1333 τὰς
644 1268 703 1333 νέας
715 1270 741 1333 ἐς
753 1266 787 1325 τὰ
801 1267 933 1343 πλεόμενα
948 1267 1013 1326 ἄπο·
1055 1276 1083 1327 in
1092 1274 1235 1343 navigabile
1253 1273 1349 1326 fretum
1360 1272 1533 1327 retrudendas
1543 1284 1675 1344 poterant,
1685 1273 1760 1343 quod
1770 1274 1852 1326 limus

130 1368 135 1376 '
229 1380 273 1436 ρον
293 1358 400 1434 ε’γίνετο·
426 1357 514 1415 ἔδυνον
527 1357 579 1436 γδιρ
593 1355 661 1414 κατδι
677 1360 722 1413 τοῦ
741 1357 826 1424 πηλοῦ
845 1354 904 1413 ἔστε
919 1356 962 1414 ἐπὶ
980 1356 1014 1413 πθ
1055 1378 1100 1413 eos
1118 1372 1223 1431 pectore
1235 1370 1311 1413 tenus
1324 1358 1490 1411 absorbebat.
1529 1359 1570 1427 (5)
1587 1362 1675 1429 litque
1687 1359 1722 1412 ita
1741 1359 1851 1412 dillim'l-
1960 1382 1961 1419 t

231 1444 338 1515 στήθεα.
381 1442 415 1523 (ιι)
428 1444 508 1503 Οὕτω
522 1443 554 1513 δὴ
564 1444 688 1521 χαλεπῶς
700 1442 910 1509 διεκπλώσαντες
920 1445 945 1509 ἐς
955 1466 1015 1501 στα-
1056 1446 1117 1499 lima
1129 1446 1293 1515 navigatione
1305 1462 1352 1516 per
1361 1454 1482 1497 sexcenta
1497 1443 1581 1497 stadia
1594 1446 1649 1509 usi,
1663 1445 1774 1513 singulis
1784 1446 1851 1497 sub-

230 1532 300 1598 δίους
310 1530 456 1599 ἑξακοσίους
465 1529 534 1588 κατὰ
543 1530 702 1589 νέαὲκαστοι
713 1530 888 1609 ὁρμισθέντες,
903 1533 1014 1588 ἐνταῦθα
1057 1535 1175 1587 sistentes
1189 1534 1313 1597 navibus,
1329 1550 1441 1602 corpora
1452 1541 1588 1584 curarunt.
1627 1534 1668 1600 (6)
1680 1534 1769 1585 Noctu
1783 1550 1851 1585 vero

231 1620 335 1677 δείπνου
350 1617 527 1694 ἐμνήσθησαν·
540 1618 634 1695 (tls-hs
648 1618 832 1690 salutabilis]
846 1618 915 1676 κατὰ
933 1617 1014 1697 βάθεα
1057 1640 1104 1693 per
1123 1621 1285 1693 profundum
1304 1619 1360 1691 jam
1375 1621 1539 1688 navigarunt,
1563 1630 1649 1672 totum
1670 1622 1751 1673 etiam
1774 1620 1850 1673 diem

194 1726 218 1764 ta
232 1706 349 1783 ἔπλυνον,
360 1705 406 1765 καί
416 1705 464 1777 την
474 1704 567 1777 ἐπεξῆς
580 1706 682 1785 ἡμέρην
694 1706 753 1765 ἔστι
765 1706 808 1765 ἐπὶ
824 1707 955 1785 βουλυτόν·
969 1706 1015 1764 καὶ
1058 1720 1192 1781 posterum
1201 1708 1235 1761 ad
1248 1726 1385 1779 vesperum
1396 1726 1489 1777 usque,
1502 1718 1529 1761 ct
1538 1709 1677 1777 nongentis
1684 1708 1776 1761 stadiis
1784 1727 1850 1760 oon·

230 1787 308 1865 ἧλθον
323 1793 443 1861 σταδίους
467 1794 640 1860 ἐννακοσίους·
663 1794 708 1851 καὶ
731 1794 953 1873 κατωρμίσθησαν
970 1792 1014 1851 ἐπὶ
1059 1795 1144 1859 lectis,
1163 1795 1197 1849 ad
1210 1794 1352 1865 Euphratis
1366 1794 1463 1847 ostium
1475 1794 1643 1863 appulerunt,
1659 1804 1686 1846 et
1700 1792 1734 1845 ad
1748 1811 1847 1869 pagum

228 1887 267 1964 τῷ
276 1882 388 1959 στόματι
397 1888 444 1941 τοῦ
456 1881 604 1962 Εὐφράτεω
613 1880 676 1960 πρὸς
685 1880 763 1960 κώμῃ
774 1883 824 1940 τινί
832 1887 877 1954 τῆς
886 1882 1016 1942 Babulus·
1058 1881 1191 1951 quendam
1212 1881 1376 1951 Babylonica
1396 1880 1524 1948 regionis,
1540 1879 1582 1931 cui
1603 1879 1733 1932 Diridotis
1746 1897 1846 1931 nomen

231 1969 614 2078 νίηςγώρηςοῦωμαδέαὒτῇ
623 1969 766 2048 Διρίδωτις·
779 1968 1015 2047 (ιλίναλιθανωτόν
1060 1981 1115 2034 est,
1136 1980 1312 2042 pervenerunt
1337 1985 1343 2021 :
1369 1970 1409 2037 (7)
1430 1983 1484 2036 quo
1502 1977 1660 2019 mercatores
1682 1978 1708 2019 et
1731 1967 1793 2020 thus
1813 1986 1848 2019 ex

228 2080 258 2115 τε
270 2060 323 2115 σἰπο
332 2062 379 2128 τῆς
390 2060 534 2138 ἐμπορικῆς
543 2060 591 2134 γῆς
605 2058 628 2113 οἱ
643 2056 753 2136 ἔμποροι
765 2054 910 2135 δγινέουσι,
921 2056 967 2115 καὶ
978 2056 1014 2114 alr
1059 2067 1234 2109 mercatorum
1249 2066 1317 2108 terra
1337 2063 1364 2107 ct
1376 2054 1426 2106 aliu
1438 2063 1570 2117 aromata,
1585 2070 1644 2122 quae
1661 2052 1712 2105 lert
1733 2053 1847 2117 Arabia,

189 2143 802 2224 κοἄλλαθσαθυμιήματαὴἈράὸωνγῆρέρει.
818 2144 1014 2221 (ολἌπὸδέτοῦ
1060 2143 1184 2197 alierum.
1234 2145 1274 2212 (8)
1303 2140 1344 2195 Ah
1365 2142 1438 2193 ostiis
1465 2140 1606 2211 Euphratis
1631 2140 1664 2193 ad
1687 2140 1848 2212 Babylonem

230 2233 358 2309 στόματος
373 2238 418 2291 τοῦ
429 2231 642 2313 Εθγράτεωέστε
657 2232 682 2298 ἐς
692 2231 840 2290 Βαάυλῶνα
851 2231 932 2290 πλόου
945 2230 1016 2309 λέγει
1061 2248 1143 2300 usquc
1155 2229 1288 2283 Nearchus
1307 2226 1451 2281 stadiorum
1467 2229 1517 2280 tria
1528 2227 1609 2281 millia
1621 2238 1648 2281 et
1665 2239 1782 2282 unoeuta
1793 2247 1850 2281 esse

231 2319 350 2400 Νέαρχος
364 2319 483 2387 σταδίους
494 2310 559 2379 εἶναι
574 2322 600 2385 ἐς
614 2318 771 2398 τρισμλίους
784 2319 830 2378 καὶ
845 2318 1015 2399 τριηκοσίους.
1061 2318 1151 2373 resell-

229 2529 297 2583 λοισι
306 2531 339 2581 Α.
354 2529 365 2596 ll
376 2558 414 2569 ·-
423 2544 449 2581 a.
463 2528 505 2580 aui
513 2529 603 2579 omisit
615 2530 651 2580 D.
667 2527 678 2595 ll
689 2556 724 2565 —
734 2528 761 2578 8.
781 2523 838 2577 οὔτε
849 2524 897 2595 γὰρ
907 2529 940 2578 A.
958 2526 969 2593 ll
980 2556 1017 2567 -
1062 2544 1122 2579 nem
1134 2526 1244 2597 ponitin
1254 2524 1373 2577 Βουθίαιι
1382 2524 1482 2591 insula3
1499 2526 1615 2578 llitterus
1626 2526 1662 2589 X,
1675 2542 1703 2595 p.
1716 2528 1752 2579 28
1770 2524 1848 2578 baisse

233 2604 611 2667 aa.i;exLadd.Scbmieder.
625 2600 931 2675 ll—16.hltbor]Fort.
939 2603 1014 2670 ἤνυον
1061 2615 1136 2674 putat
1160 2629 1171 2650 ι
1187 2623 1220 2657 an
1234 2602 1282 2655 der
1295 2602 1496 2674 Sirdwestspitze
1518 2602 1567 2657 der
1589 2603 1702 2673 jetzigen
1717 2602 1847 2657 Ulcrinsel

231 2686 272 2737 vel
286 2683 374 2750 ἤνυτον
385 2684 435 2753 leg.
447 2694 521 2754 putat
534 2684 714 2736 Dirbnerusin
728 2682 866 2735 locutionis
878 2683 1015 2736 insolentia
1062 2683 1180 2736 Darasir.
1198 2708 1208 2729 ι
1226 2684 1302 2735 Certe
1317 2682 1483 2735 Teredoncm
1503 2683 1525 2734 si
1545 2700 1599 2734 non
1620 2682 1648 2733 in
1667 2680 1761 2745 insula,
1779 2693 1848 2735 certe

231 2762 378 2816 offendens.
388 2765 424 2815 At
433 2763 551 2814 similiter
558 2762 685 2816 Arrianus
694 2763 762 2831 Exp.
773 2763 823 2825 ΙΙΙ,
835 2777 879 2826 ar,
891 2762 923 2813 3:
938 2761 1017 2814 ἐλθὼν
1061 2778 1144 2831 prope
1157 2760 1269 2813 insulam
1278 2762 1354 2813 sitam
1367 2760 1447 2814 fuisse
1459 2760 1589 2812 nescioan
1599 2776 1632 2811 ex
1643 2758 1747 2811 AEtbioo
1756 2760 1844 2811 Cusus.

231 2839 277 2908 τὴν
292 2842 366 2894 νθκτα
378 2834 450 2906 ὅλην.
467 2842 478 2910 ΙΙ
494 2870 530 2881 --
543 2857 586 2910 17.
597 2840 637 2894 ἐπὶ
645 2840 767 2910 πόματος
776 2841 828 2904 BC,
840 2838 880 2893 ἐπὶ
889 2843 933 2891 τοῦ
943 2842 1016 2911 στόμ.
1061 2858 1089 2909 p.
1108 2858 1159 2908 709
1174 2841 1321 2909 suspiceris,
1338 2839 1383 2893 ubi
1396 2856 1402 2892 ι
1417 2838 1571 2907 infunditur
1583 2837 1768 2909 (Euphrates)
1779 2839 1848 2891 mari

232 2920 316 2986 Med
325 2926 361 2993 τῷ
374 2920 478 2992 aripert
492 2922 523 2972 L.
538 2920 597 2990 ΙΙ-
611 2922 652 2974 18.
665 2918 794 2990 Διρίδωτις
806 2922 842 2985 Ι),
856 2918 973 2991 Ἰρίδωτις
985 2922 1016 2974 C.
1064 2921 1164 2971 Oceano
1175 2917 1298 2972 orientali
1309 2919 1358 2972 sub
1369 2918 1457 2972 iruulrr
1473 2918 1587 2980 Thema,
1601 2916 1648 2970 ubi
1657 2926 1723 2990 puto
1733 2918 1847 2988 legasse
1962 2919 1963 2940 ¹

231 3000 348 3070 Reliquis
370 2999 542 3070 scriptoribus
574 3008 683 3050 vocatur
706 2997 831 3067 Τερηδὼν.
857 3000 893 3051 V.
924 2999 1019 3052 Strabo
1066 2997 1188 3051 Teredon.
1204 2996 1287 3051 Aliter
1305 2997 1456 3068 Chesneyus
1469 2997 1477 3068 (
1492 2995 1620 3068 Expedit.
1636 3007 1663 3050 to
1674 2997 1717 3048 tle
1728 2997 1780 3050 riu.
1793 3001 1848 3050 Eu-

232 3097 260 3149 p.
274 3078 325 3148 765
348 3080 404 3147 (ex
426 3077 619 3146 Eratosthene)
637 3093 644 3128 :
667 3078 739 3147 μέχρι
763 3077 899 3146 Τερηδόνος
917 3078 959 3129 καλ
977 3082 1020 3145 τῆς
1059 3076 1151 3148 plear.
1167 3087 1218 3129 etc.
1233 3079 1269 3142 Π,
1286 3094 1314 3146 p.
1330 3077 1380 3129 355
1391 3079 1412 3146 ),
1424 3076 1470 3146 qui
1488 3077 1524 3127 ita
1543 3074 1621 3128 habet
1637 3091 1643 3128 :
1662 3075 1746 3128 «The
1760 3078 1808 3129 site
1821 3078 1846 3130 ol

233 3157 336 3222 ἔκθολῆς
345 3160 390 3209 τοῦ
400 3155 540 3227 Εὐφράτου,
552 3174 568 3208 a
578 3173 633 3226 quo
643 3155 700 3208 loco
710 3155 843 3226 proiectus
856 3157 1019 3210 Androsthe-
1062 3155 1183 3208 Teredon
1194 3155 1215 3207 is
1226 3155 1367 3225 presumed
1382 3165 1409 3207 to
1422 3153 1454 3207 be
1466 3166 1492 3208 at
1505 3153 1578 3207 Jebel
1589 3156 1693 3219 Sanam,
1708 3171 1723 3206 a
1737 3155 1848 3224 gigantis

232 3255 279 3290 nes
290 3236 393 3290 Arabiae
411 3253 484 3288 oram
500 3235 571 3304 legit.
589 3234 664 3287 Idem
674 3253 702 3305 p.
714 3237 773 3288 80a
787 3235 919 3306 Babylone
934 3253 1019 3306 usque
1063 3233 1164 3287 mound
1180 3253 1243 3287 near
1254 3234 1298 3287 the
1314 3234 1461 3304 Pallacopas
1475 3232 1575 3286 branch
1590 3233 1622 3285 ol
1633 3232 1677 3285 the
1691 3234 1846 3304 Euphrates.

232 3315 265 3367 ad
275 3315 416 3385 Euphratis
428 3314 525 3366 ostium
536 3323 562 3365 ct
574 3311 741 3365 Teredonem
750 3314 819 3367 3000
829 3313 912 3366 stadia
923 3332 978 3368 esse
987 3334 1020 3368 ex
1062 3313 1127 3365 'lhis
1136 3324 1195 3384 spot
1204 3315 1225 3365 is
1237 3312 1318 3365 about
1330 3313 1363 3365 23
1377 3313 1450 3365 miles
1461 3313 1488 3366 S.
1501 3313 1528 3365 S.
1543 3313 1594 3366 W.
1613 3309 1645 3364 ol
1653 3311 1762 3375 Basrah,
1778 3313 1808 3364 ιδ
1818 3331 1849 3365 or

231 3394 325 3447 eodem
339 3394 512 3446 Eratosthene
521 3391 611 3445 relert.
621 3391 720 3444 Plinius
731 3394 781 3456 VI,
795 3394 853 3460 325
868 3393 916 3455 145
930 3411 936 3446 ι
952 3398 1020 3446 Pur·
1066 3395 1097 3454 14
1112 3391 1147 3463 by
1158 3394 1210 3447 W.
1226 3391 1258 3443 ol
1263 3390 1350 3457 Zebir,
1362 3391 1415 3444 and
1426 3390 1514 3462 nearly
1530 3393 1561 3444 ra
1570 3391 1645 3443 miles
1658 3391 1692 3442 Ν.
1705 3392 1757 3444 W.
1765 3390 1799 3442 ol
1806 3392 1848 3444 tbe

233 3473 304 3526 thiro
319 3484 407 3526 autem
423 3490 499 3538 regno
516 3469 707 3536 navantibus
719 3469 796 3522 nicus
819 3471 931 3523 Teredon
947 3472 1021 3542 infru
1063 3469 1197 3543 supposed
1209 3481 1313 3541 estuary
1322 3472 1441 3542 opposite
1455 3469 1499 3522 the
1511 3467 1595 3521 island
1609 3469 1641 3521 ol
1647 3467 1777 3534 Boobian,
1788 3488 1849 3523 near

232 3548 560 3621 confluentem,Euphroris
568 3558 594 3599 et
606 3546 704 3612 Tigris.
716 3548 826 3617 Dionys.
837 3550 937 3618 Perieg.
950 3554 1018 3619 980:
1063 3550 1109 3602 the
1122 3551 1200 3603 Khor
1212 3548 1368 3615 abd-ullah5
1383 3550 1432 3602 but
1450 3559 1478 3602 at
1488 3549 1533 3601 the
1545 3549 1608 3601 time
1623 3549 1652 3601 in
1669 3549 1791 3617 question
1806 3549 1849 3602 tbe

233 3629 346 3700 θστατίῃς
355 3631 479 3698 προχοῇσι
487 3626 623 3696 Τερηδόνυς
634 3624 708 3696 ἐγγυς
717 3625 808 3678 ὁδεύων
823 3625 1018 3700 (Euphrates).
1064 3628 1138 3682 latter
1148 3647 1207 3700 may
1219 3629 1285 3682 have
1294 3629 1359 3682 been
1374 3647 1446 3694 near,
1461 3647 1492 3681 or
1502 3647 1567 3681 eren
1576 3628 1642 3681 hare
1653 3627 1768 3680 touched
1777 3629 1848 3682 Jebel

234 3709 368 3760 Ammian.
388 3708 490 3770 xxm,
503 3710 530 3768 6,
547 3721 579 3758 ιο
594 3720 601 3756 :
622 3703 772 3770 Nouigutio
784 3703 901 3776 adusque
915 3707 1022 3760 Teredo-
1064 3710 1169 3762 Sanam.
1183 3730 1194 3758 ι
1208 3709 1368 3779 Opinionem
1380 3725 1473 3762 eorum
1487 3709 1533 3778 qui
1546 3707 1713 3760 Teredoncm
1726 3719 1849 3777 quaenmt

232 3802 291 3839 nem
300 3782 459 3855 porrigitur,
480 3782 527 3835 ubi
535 3794 601 3855 post
613 3785 738 3853 jacturas
749 3783 909 3855 multiplices
925 3786 1021 3858 pelago
1064 3788 1093 3840 iu
1103 3783 1233 3840 hodierno
1242 3791 1322 3841 Basra
1332 3787 1372 3840 vel
1387 3789 1415 3840 in
1426 3787 1586 3858 propinqua,
1601 3787 1714 3856 tetigisse
1726 3788 1789 3839 satis
1800 3799 1847 3840 est.

234 3862 358 3916 miscetur
369 3863 528 3933 Euphrates.
549 3862 696 3934 Stephanus
706 3864 786 3934 Byz.:
804 3863 929 3933 Τερηδὼν,
950 3866 1021 3928 πόλις
1064 3868 1188 3919 Ceterum
1205 3867 1355 3937 emporium
1371 3867 1442 3920 istud
1454 3865 1526 3919 baud
1539 3865 1587 3918 diu
1601 3865 1721 3918 floruisse
1734 3864 1847 3930 ridetur,

235 3939 275 3994 ἐπὶ
285 3943 317 4012 τῇ
332 3939 447 4011 Ἐρυθρᾷ.
463 3941 608 4011 Abydenus
621 3959 664 4011 ap.
684 3940 782 3994 Euseb.
801 3942 900 3996 Chrou.
918 3962 946 4014 p.
962 3961 995 3997 οι
1012 3961 1018 3998 :
1065 3943 1201 3998 obstructo
1212 3954 1301 4015 postea
1309 3947 1394 3996 arenis
1404 3946 1454 3998 isto
1464 3944 1537 3996 llurii
1549 3944 1632 4009 alveo,
1645 3941 1811 4014 conditisque
1821 3947 1847 3997 in

233 4017 473 4072 Nabuchodonosor
485 4019 513 4070 in
530 4019 618 4071 limine
635 4020 758 4072 Arabicae
778 4020 889 4088 regionis
912 4021 1020 4075 Teredo-
1065 4023 1246 4076 commodiore
1257 4024 1309 4074 situ
1332 4022 1451 4093 Apologo
1465 4033 1492 4075 et
1513 4023 1625 4094 Spasinu
1643 4021 1769 4076 Charace.
1783 4023 1794 4090 ΙΙ
1813 4053 1848 4063 -

233 4116 290 4153 nem
307 4098 393 4150 urbem
400 4097 543 4166 srendura't.
559 4098 658 4151 Euseb.
675 4101 719 4151 Pr.
738 4100 787 4151 Εν.
800 4117 828 4170 p.
841 4102 903 4165 456,
915 4104 940 4154 D
957 4102 1021 4154 :Ts·
1067 4117 1109 4169 19.
1126 4099 1224 4172 ἐμπορ
1234 4102 1381 4172 ικῆςγῆς]
1396 4099 1513 4172 ἐμπορίης
1524 4105 1570 4171 γῆς
1584 4100 1676 4164 codd.;
1690 4099 1739 4154 let
1753 4105 1797 4166 τῆς
1808 4121 1847 4154 πε·

234 4177 326 4246 ρηδθνα
344 4175 434 4229 ἔκτισιν
457 4176 520 4229 κατὰ
540 4176 583 4238 τὰς
601 4175 707 4246 Ἆράθων
726 4176 847 4240 εἰσὸολάς.
866 4180 1021 4233 Ptolemaeus
1066 4180 1133 4250 μαίης
1141 4184 1187 4250 γῆς
1197 4181 1237 4233 vel
1251 4180 1351 4246 ἀπδτῆς
1363 4180 1388 4234 ἐν
1404 4181 1490 4254 περαίῃ
1500 4184 1545 4251 γῆς
1559 4179 1629 4251 conj.
1641 4179 1769 4244 Dr'rbner3
1784 4191 1846 4234 atta·

234 4253 328 4306 urbem
341 4255 418 4324 ponit
431 4254 546 4310 mediam
558 4257 626 4308 inter
640 4256 765 4308 orientale
776 4275 855 4310 suum
867 4257 982 4327 Tigridis
995 4269 1021 4312 et
1065 4276 1125 4312 men
1138 4260 1293 4313 Teredoniis
1303 4261 1400 4314 Arabia
1410 4261 1454 4312 rix
1469 4259 1521 4313 dici
1531 4270 1633 4330 poterat
1644 4259 1660 4325 ἡ
1671 4259 1696 4312 ἐν
1705 4260 1793 4331 περαίη
1804 4263 1845 4329 γῆ.

234 4333 395 4386 occidentale
406 4335 514 4388 ostium.
530 4336 579 4388 llis
596 4335 618 4388 si
629 4332 763 4386 addideris
776 4353 835 4405 quae
854 4335 888 4388 de
901 4337 1021 4390 muribus
1065 4338 1201 4408 Scripserit
1214 4337 1456 4410 ουσιοτέμπορικῆς,
1467 4341 1534 4392 sicut
1546 4338 1639 4392 Strabo
1657 4339 1735 4392 habet
1747 4337 1846 4408 ἐμπορι-

234 4410 392 4464 Teredoutis
409 4429 442 4464 ex
453 4416 568 4483 Amynta
578 4411 656 4465 allert
675 4413 790 4467 AElianus
803 4415 837 4466 N.
850 4417 903 4467 An.
918 4417 954 4479 V,
977 4421 1020 4480 τί..
1065 4415 1216 4470 atratino
1236 4417 1285 4488 (iu
1300 4417 1394 4471 Alricae
1408 4436 1455 4471 ora
1468 4417 1622 4472 occidentali
1637 4418 1647 4490 )
1660 4427 1687 4470 et
1695 4417 1757 4472 alibi
1771 4417 1846 4488 ἐμπο-

235 4489 577 4562 mutuandisque
596 4491 630 4544 de
643 4511 676 4545 eo
690 4493 748 4546 loco
767 4493 908 4546 traduntur
919 4496 1019 4549 omnia.
1065 4496 1132 4566 ρικὰς
1141 4495 1277 4561 κατοικίας,
1292 4497 1342 4548 nisi
1356 4495 1417 4549 lort.
1428 4495 1507 4550 luisse
1520 4507 1595 4568 putes
1613 4495 1662 4550 deb
1679 4500 1722 4562 τῆς
1735 4496 1848 4566 Γερρυὶης

235 4567 321 4619 Situm
333 4566 390 4637 ejus
400 4571 547 4623 accuratius
557 4569 668 4624 definire
685 4571 841 4624 certioribus
861 4576 1021 4641 argumentis
1065 4579 1119 4645 γῆς,
1136 4577 1147 4645 ΙΙ
1160 4592 1251 4628 —ar.
1267 4575 1290 4638 ἐς
1302 4586 1361 4646 post
1371 4574 1425 4628 ἐστι
1439 4594 1472 4628 ex
1487 4577 1510 4630 L
1527 4575 1590 4628 add.
1602 4575 1765 4630 Schmieder.
1782 4577 1793 4644 ll
1813 4603 1847 4616 ·-
1962 4625 1963 4632 ,

236 4645 1019 4722 vixlioet.Satisrerodeeoconvenit,ostiomEuphratis,
1065 4670 1109 4707 aa.
1134 4674 1228 4726 τρισχ
1236 4654 1282 4706 ιλ.
1314 4653 1845 4728 u.rp.]supm3ooostadiasec.8trab.

236 4727 280 4779 eui
300 4728 450 4798 impositam
467 4729 634 4784 Teredonem
660 4731 795 4784 Nearchus
810 4731 884 4795 dicit,
903 4733 932 4783 in
954 4732 1019 4786 hod.
1064 4751 1092 4802 p.
1109 4750 1160 4802 729
1174 4744 1201 4786 et
1217 4735 1285 4803 7393
1302 4735 1371 4788 3000
1382 4733 1465 4786 stadia
1474 4732 1512 4787 id.
1525 4752 1552 4805 p.
1567 4736 1602 4787 80
1619 4734 1844 4786 minussocurate.

237 4806 310 4859 Klror
328 4805 441 4860 Abdilla
456 4825 512 4860 esse
533 4809 716 4879 quaerendum,
735 4811 763 4863 in
785 4829 865 4881 quem
887 4811 1022 4882 Pallacopa
1065 4812 1165 4865 Plinius
1176 4815 1225 4878 VI,
1239 4813 1291 4867 30:
1307 4812 1443 4884 Euphrate
1456 4811 1581 4879 nauigari
1595 4813 1747 4882 Babylonem
1760 4830 1774 4864 e
1787 4815 1847 4864 Per·

237 4885 311 4944 alveo
323 4887 420 4940 llurius
442 4888 601 4959 praecipuam
616 4873 670 4947 iim
684 4907 812 4960 aquarum
825 4889 889 4942 olim
902 4889 1022 4944 ellande-
1064 4891 1200 4944 ricomeri
1214 4895 1265 4954 lta
1279 4890 1345 4943 mill.
1364 4893 1417 4962 p.(
1433 4891 1502 4959 3290
1512 4902 1545 4944 st.
1561 4893 1572 4959 )
1587 4889 1696 4942 tradunt
1714 4890 1846 4942 Nererrlrus

239 4965 292 5018 bat.
308 4969 342 5019 Et
355 4967 512 5020 d'hnvillius
522 4968 631 5038 quidem
646 4969 683 5037 (l.
699 4970 718 5022 l.
728 4987 756 5040 p.
775 4969 1022 5041 190),Gossetinns
1066 4983 1091 5024 et
1104 4971 1275 5024 Onesicritus.
1289 4971 1435 5040 Computus
1446 4970 1490 5022 hic
1502 4969 1613 5022 Nearchi
1625 4969 1692 5021 hene
1700 4968 1786 5020 habet.
1798 4969 1845 5020 Ce-

239 5046 293 5106 ΙΙΙ,
312 5063 341 5114 μ.
354 5049 388 5100 88
407 5058 435 5100 ct
455 5048 601 5103 Vincentus
621 5048 638 5100 l.
656 5049 674 5100 l.
689 5048 853 5102 Teredonern
868 5050 895 5101 iu
916 5050 1021 5102 sinistro
1066 5061 1151 5103 terum
1165 5061 1248 5102 totum
1271 5049 1343 5100 hune
1359 5048 1446 5100 locum
1461 5059 1487 5101 et
1507 5067 1565 5119 quae
1585 5048 1708 5118 deinceps
1724 5047 1844 5116 leguntur

241 5122 301 5175 osni
315 5123 392 5176 latere
402 5124 539 5191 collocant,
563 5129 688 5196 quoniam
701 5145 744 5199 ap.
769 5128 937 5181 Ptolemaeum
958 5129 1021 5183 urbs
1066 5147 1089 5181 e.
1106 5133 1140 5192 lu
1154 5130 1189 5182 ita
1202 5128 1310 5198 exponit
1323 5127 1415 5180 Strabo
1427 5145 1454 5198 p.
1469 5145 1521 5197 709
1535 5145 1541 5180 :
1554 5127 1664 5198 Νέαρχος
1675 5126 1702 5178 at
1716 5125 1759 5178 τὸν
1769 5126 1844 5194 παρί-

240 5200 364 5262 blessenae
377 5205 536 5274 assignatur,
551 5208 702 5264 hlanncrtus
716 5209 751 5272 V,
765 5223 791 5268 a,
802 5225 830 5283 p.
841 5212 893 5266 δυο
905 5208 1021 5266 Teredo-
1066 5208 1143 5264 πλουν
1153 5211 1195 5274 τῆς
1204 5207 1319 5271 Σουσίδος
1328 5208 1455 5278 τεναγώδη
1465 5208 1542 5278 φήσας
1556 5208 1628 5276 πέρας
1641 5205 1715 5260 αὐτοῦ
1724 5205 1793 5277 λέγει
1804 5203 1844 5258 rhu
