<?xml version="1.0" encoding="UTF-8"?>
<!DOCTYPE html PUBLIC "-//W3C//DTD XHTML 1.0 Transitional//EN"
    "http://www.w3.org/TR/xhtml1/DTD/xhtml1-transitional.dtd">
<html xmlns="http://www.w3.org/1999/xhtml" xml:lang="en" lang="en">
 <head>
  <title>
</title>
<meta http-equiv="Content-Type" content="text/html;charset=utf-8" />
  <meta name='ocr-system' content='tesseract 3.04.00' />
  <meta name='ocr-capabilities' content='ocr_page ocr_carea ocr_par ocr_line ocrx_word'/>
</head>
<body>
  <div class='ocr_page' id='page_1' title='image "./geographigraeci03mlgoog_0312.png"; bbox 0 0 3950 5925; ppageno 0'>
   <div class='ocr_carea' id='block_1_1' title="bbox 251 400 1858 493">
    <p class='ocr_par' dir='ltr' id='par_1_1' title="bbox 251 400 1858 493">
     <span class='ocr_line' id='line_1_1' title="bbox 251 400 1858 493; baseline 0.01 -34"><span class='ocrx_word' id='word_1_1' title='bbox 251 409 305 459; x_wconf 81' lang='grc'>150</span> <span class='ocrx_word' id='word_1_2' title='bbox 875 402 923 462; x_wconf 75' lang='grc' dir='ltr'>ΗΧ</span> <span class='ocrx_word' id='word_1_3' title='bbox 945 400 1247 466; x_wconf 72' lang='grc' dir='ltr'>ΑίίΑΤΗιίίίΕίίίΒΕ</span> <span class='ocrx_word' id='word_1_4' title='bbox 1755 418 1858 493; x_wconf 73' lang='grc' dir='ltr'>(ιηιι.)</span> 
     </span>
    </p>
   </div>
   <div class='ocr_carea' id='block_1_2' title="bbox 166 528 1860 1847">
    <p class='ocr_par' dir='ltr' id='par_1_2' title="bbox 166 528 1860 1847">
     <span class='ocr_line' id='line_1_2' title="bbox 166 528 1857 625; baseline 0.014 -41"><span class='ocrx_word' id='word_1_5' title='bbox 166 529 306 589; x_wconf 69' lang='lat' dir='ltr'>titubandi</span> <span class='ocrx_word' id='word_1_6' title='bbox 321 528 494 610; x_wconf 72' lang='grc' dir='ltr'>φαινομένων,</span> <span class='ocrx_word' id='word_1_7' title='bbox 510 528 643 607; x_wconf 84' lang='grc' dir='ltr'>ἀρχόμενα</span> <span class='ocrx_word' id='word_1_8' title='bbox 664 528 710 604; x_wconf 84' lang='grc' dir='ltr'>μὲν</span> <span class='ocrx_word' id='word_1_9' title='bbox 726 530 778 587; x_wconf 86' lang='grc' dir='ltr'>ἀπὸ</span> <span class='ocrx_word' id='word_1_10' title='bbox 792 536 837 589; x_wconf 82' lang='grc' dir='ltr'>τοῦ</span> <span class='ocrx_word' id='word_1_11' title='bbox 859 532 967 603; x_wconf 79' lang='grc' dir='ltr'>στήθους</span> <span class='ocrx_word' id='word_1_12' title='bbox 982 535 1027 591; x_wconf 86' lang='grc' dir='ltr'>καί</span> <span class='ocrx_word' id='word_1_13' title='bbox 1074 544 1173 612; x_wconf 76' lang='lat' dir='ltr'><strong>cipiunt</strong></span> <span class='ocrx_word' id='word_1_14' title='bbox 1184 545 1358 614; x_wconf 71' lang='lat' dir='ltr'>apraecordiis</span> <span class='ocrx_word' id='word_1_15' title='bbox 1370 558 1395 599; x_wconf 88' lang='lat' dir='ltr'>et</span> <span class='ocrx_word' id='word_1_16' title='bbox 1407 546 1474 612; x_wconf 87' lang='lat' dir='ltr'>alvo,</span> <span class='ocrx_word' id='word_1_17' title='bbox 1486 558 1511 601; x_wconf 88' lang='lat' dir='ltr'>ct</span> <span class='ocrx_word' id='word_1_18' title='bbox 1521 568 1627 603; x_wconf 75' lang='lat' dir='ltr'>orassem</span> <span class='ocrx_word' id='word_1_19' title='bbox 1638 552 1757 621; x_wconf 87' lang='lat' dir='ltr'>protinus</span> <span class='ocrx_word' id='word_1_20' title='bbox 1767 572 1857 625; x_wconf 80' lang='lat' dir='ltr'>supcr-</span> 
     </span>
     <span class='ocr_line' id='line_1_3' title="bbox 246 615 1860 709; baseline 0.011 -32"><span class='ocrx_word' id='word_1_21' title='bbox 246 624 291 688; x_wconf 72' lang='grc' dir='ltr'>τῆς</span> <span class='ocrx_word' id='word_1_22' title='bbox 303 617 415 686; x_wconf 89' lang='grc' dir='ltr'>κοιλίας,</span> <span class='ocrx_word' id='word_1_23' title='bbox 430 618 603 693; x_wconf 84' lang='grc' dir='ltr'>ἐπινεμόμενα</span> <span class='ocrx_word' id='word_1_24' title='bbox 619 615 647 673; x_wconf 89' lang='grc' dir='ltr'>δὲ</span> <span class='ocrx_word' id='word_1_25' title='bbox 666 619 798 692; x_wconf 77' lang='grc' dir='ltr'>συντόμως</span> <span class='ocrx_word' id='word_1_26' title='bbox 814 619 880 695; x_wconf 88' lang='grc' dir='ltr'>μετδι</span> <span class='ocrx_word' id='word_1_27' title='bbox 894 627 939 679; x_wconf 84' lang='grc' dir='ltr'>τοῦ</span> <span class='ocrx_word' id='word_1_28' title='bbox 954 645 1028 678; x_wconf 87' lang='grc' dir='ltr'>παν-</span> <span class='ocrx_word' id='word_1_29' title='bbox 1074 630 1158 680; x_wconf 82' lang='lat' dir='ltr'>ficiem</span> <span class='ocrx_word' id='word_1_30' title='bbox 1168 633 1286 700; x_wconf 88' lang='lat' dir='ltr'>corporis</span> <span class='ocrx_word' id='word_1_31' title='bbox 1295 651 1356 685; x_wconf 92' lang='lat' dir='ltr'>cum</span> <span class='ocrx_word' id='word_1_32' title='bbox 1367 644 1420 687; x_wconf 90' lang='lat' dir='ltr'>tota</span> <span class='ocrx_word' id='word_1_33' title='bbox 1431 633 1494 687; x_wconf 87' lang='lat' dir='ltr'>lacie</span> <span class='ocrx_word' id='word_1_34' title='bbox 1504 636 1691 707; x_wconf 89' lang='lat' dir='ltr'>depascuntur.</span> <span class='ocrx_word' id='word_1_35' title='bbox 1728 638 1860 709; x_wconf 88' lang='lat' dir='ltr'>llliigitm·</span> 
     </span>
     <span class='ocr_line' id='line_1_4' title="bbox 245 704 1858 794; baseline 0.01 -31"><span class='ocrx_word' id='word_1_36' title='bbox 245 706 288 772; x_wconf 85' lang='grc' dir='ltr'>τὸς</span> <span class='ocrx_word' id='word_1_37' title='bbox 299 704 440 784; x_wconf 79' lang='grc' dir='ltr'>προσώπου</span> <span class='ocrx_word' id='word_1_38' title='bbox 452 704 499 775; x_wconf 71' lang='grc' dir='ltr'>την</span> <span class='ocrx_word' id='word_1_39' title='bbox 511 705 672 782; x_wconf 83' lang='grc' dir='ltr'>ἐπιφάνειαν.</span> <span class='ocrx_word' id='word_1_40' title='bbox 716 704 752 765; x_wconf 88' lang='lat' dir='ltr'>0l</span> <span class='ocrx_word' id='word_1_41' title='bbox 765 706 798 762; x_wconf 79' lang='grc' dir='ltr'>πθ</span> <span class='ocrx_word' id='word_1_42' title='bbox 810 706 858 782; x_wconf 79' lang='grc' dir='ltr'>μέν</span> <span class='ocrx_word' id='word_1_43' title='bbox 873 712 964 787; x_wconf 90' lang='grc' dir='ltr'>πρῶτα</span> <span class='ocrx_word' id='word_1_44' title='bbox 976 712 1030 776; x_wconf 82' lang='grc' dir='ltr'>τοῖς</span> <span class='ocrx_word' id='word_1_45' title='bbox 1073 716 1160 785; x_wconf 89' lang='lat' dir='ltr'>primo</span> <span class='ocrx_word' id='word_1_46' title='bbox 1170 715 1255 769; x_wconf 88' lang='lat' dir='ltr'>allecti</span> <span class='ocrx_word' id='word_1_47' title='bbox 1265 730 1336 783; x_wconf 84' lang='lat' dir='ltr'>sunt,</span> <span class='ocrx_word' id='word_1_48' title='bbox 1348 730 1376 772; x_wconf 93' lang='lat' dir='ltr'>ut</span> <span class='ocrx_word' id='word_1_49' title='bbox 1386 739 1452 791; x_wconf 87' lang='lat' dir='ltr'>quos</span> <span class='ocrx_word' id='word_1_50' title='bbox 1461 722 1559 775; x_wconf 75' lang='lat' dir='ltr'>scabies</span> <span class='ocrx_word' id='word_1_51' title='bbox 1571 724 1731 794; x_wconf 83' lang='lat' dir='ltr'>pruritusuo</span> <span class='ocrx_word' id='word_1_52' title='bbox 1743 726 1858 790; x_wconf 83' lang='lat' dir='ltr'>lacessit;</span> 
     </span>
     <span class='ocr_line' id='line_1_5' title="bbox 244 790 1860 887; baseline 0.01 -36"><span class='ocrx_word' id='word_1_53' title='bbox 244 796 294 851; x_wconf 89' lang='grc' dir='ltr'>ύπδ</span> <span class='ocrx_word' id='word_1_54' title='bbox 317 793 408 875; x_wconf 86' lang='grc' dir='ltr'>ψώρας</span> <span class='ocrx_word' id='word_1_55' title='bbox 427 790 605 871; x_wconf 76' lang='grc' dir='ltr'>ἠρεθισμένοις</span> <span class='ocrx_word' id='word_1_56' title='bbox 624 794 719 869; x_wconf 77' lang='grc' dir='ltr'>ὁμοίοις</span> <span class='ocrx_word' id='word_1_57' title='bbox 741 794 898 869; x_wconf 76' lang='grc' dir='ltr'>διάκεινται,</span> <span class='ocrx_word' id='word_1_58' title='bbox 920 796 1027 877; x_wconf 71' lang='grc' dir='ltr'>ὕστερον</span> <span class='ocrx_word' id='word_1_59' title='bbox 1073 809 1860 887; x_wconf 81' lang='lat' dir='ltr'>attemperissueeessualiquo,nonabsqnemolestiaseipsos</span> 
     </span>
     <span class='ocr_line' id='line_1_6' title="bbox 216 874 1859 961; baseline 0.01 -23"><span class='ocrx_word' id='word_1_60' title='bbox 216 882 267 938; x_wconf 58' lang='grc' dir='ltr'>ὅθ’</span> <span class='ocrx_word' id='word_1_61' title='bbox 282 880 410 947; x_wconf 80' lang='grc' dir='ltr'>ἐπιπόνως</span> <span class='ocrx_word' id='word_1_62' title='bbox 424 878 529 946; x_wconf 83' lang='grc' dir='ltr'>ίαντοθς</span> <span class='ocrx_word' id='word_1_63' title='bbox 544 880 745 957; x_wconf 87' lang='grc' dir='ltr'>σπαράττουσιν·</span> <span class='ocrx_word' id='word_1_64' title='bbox 758 874 815 940; x_wconf 73' lang='grc' dir='ltr'>ε’ίτα</span> <span class='ocrx_word' id='word_1_65' title='bbox 829 888 874 942; x_wconf 82' lang='grc' dir='ltr'>τού</span> <span class='ocrx_word' id='word_1_66' title='bbox 887 883 983 951; x_wconf 88' lang='grc' dir='ltr'>πάθους</span> <span class='ocrx_word' id='word_1_67' title='bbox 993 888 1028 951; x_wconf 83' lang='grc' dir='ltr'>είς</span> <span class='ocrx_word' id='word_1_68' title='bbox 1073 895 1202 961; x_wconf 89' lang='lat' dir='ltr'>lacerant;</span> <span class='ocrx_word' id='word_1_69' title='bbox 1215 897 1321 949; x_wconf 87' lang='lat' dir='ltr'>tandem</span> <span class='ocrx_word' id='word_1_70' title='bbox 1340 898 1435 951; x_wconf 91' lang='lat' dir='ltr'>morbo</span> <span class='ocrx_word' id='word_1_71' title='bbox 1446 899 1497 952; x_wconf 91' lang='lat' dir='ltr'>hoc</span> <span class='ocrx_word' id='word_1_72' title='bbox 1508 899 1542 953; x_wconf 87' lang='lat' dir='ltr'>ad</span> <span class='ocrx_word' id='word_1_73' title='bbox 1555 904 1731 955; x_wconf 86' lang='lat' dir='ltr'>maturitatem</span> <span class='ocrx_word' id='word_1_74' title='bbox 1741 916 1859 958; x_wconf 79' lang='lat' dir='ltr'>extracto</span> 
     </span>
     <span class='ocr_line' id='line_1_7' title="bbox 245 967 1858 1057; baseline 0.014 -33"><span class='ocrx_word' id='word_1_75' title='bbox 245 968 332 1043; x_wconf 77' lang='grc' dir='ltr'>ἀκμὴν</span> <span class='ocrx_word' id='word_1_76' title='bbox 346 967 501 1046; x_wconf 83' lang='grc' dir='ltr'>ίλκομένου,</span> <span class='ocrx_word' id='word_1_77' title='bbox 516 968 561 1026; x_wconf 88' lang='grc' dir='ltr'>καί</span> <span class='ocrx_word' id='word_1_78' title='bbox 571 967 640 1041; x_wconf 79' lang='grc' dir='ltr'>μετὰ</span> <span class='ocrx_word' id='word_1_79' title='bbox 654 973 701 1039; x_wconf 75' lang='grc' dir='ltr'>τῆς</span> <span class='ocrx_word' id='word_1_80' title='bbox 720 973 773 1028; x_wconf 84' lang='grc' dir='ltr'>τῶν</span> <span class='ocrx_word' id='word_1_81' title='bbox 784 971 880 1048; x_wconf 86' lang='grc' dir='ltr'>θηρίων</span> <span class='ocrx_word' id='word_1_82' title='bbox 896 973 1028 1053; x_wconf 73' lang='grc' dir='ltr'>ἐκφύσεως</span> <span class='ocrx_word' id='word_1_83' title='bbox 1073 995 1166 1054; x_wconf 69' lang='lat' dir='ltr'>practer</span> <span class='ocrx_word' id='word_1_84' title='bbox 1188 985 1355 1037; x_wconf 76' lang='lat' dir='ltr'>bestiolarum</span> <span class='ocrx_word' id='word_1_85' title='bbox 1376 988 1542 1057; x_wconf 85' lang='lat' dir='ltr'><strong>eruptionem</strong></span> <span class='ocrx_word' id='word_1_86' title='bbox 1565 1000 1592 1041; x_wconf 90' lang='lat' dir='ltr'>et</span> <span class='ocrx_word' id='word_1_87' title='bbox 1614 994 1699 1043; x_wconf 88' lang='lat' dir='ltr'>tenuis</span> <span class='ocrx_word' id='word_1_88' title='bbox 1721 994 1801 1045; x_wconf 79' lang='lat' dir='ltr'>sarriei</span> <span class='ocrx_word' id='word_1_89' title='bbox 1820 995 1858 1045; x_wconf 87' lang='lat' dir='ltr'>cl-</span> 
     </span>
     <span class='ocr_line' id='line_1_8' title="bbox 244 1055 1858 1142; baseline 0.012 -30"><span class='ocrx_word' id='word_1_90' title='bbox 244 1055 289 1113; x_wconf 84' lang='grc' dir='ltr'>καί</span> <span class='ocrx_word' id='word_1_91' title='bbox 303 1060 404 1114; x_wconf 83' lang='grc' dir='ltr'>λεπτῶν</span> <span class='ocrx_word' id='word_1_92' title='bbox 420 1055 602 1135; x_wconf 81' lang='grc' dir='ltr'>ἀναχεομένωίι</span> <span class='ocrx_word' id='word_1_93' title='bbox 624 1055 739 1136; x_wconf 80' lang='grc' dir='ltr'>ἰχώρων,</span> <span class='ocrx_word' id='word_1_94' title='bbox 760 1060 951 1139; x_wconf 77' lang='grc' dir='ltr'>ἀκαρτερήτους</span> <span class='ocrx_word' id='word_1_95' title='bbox 965 1062 1026 1142; x_wconf 78' lang='lat' dir='ltr'>ispi·</span> <span class='ocrx_word' id='word_1_96' title='bbox 1073 1070 1173 1121; x_wconf 77' lang='lat' dir='ltr'>lluaum</span> <span class='ocrx_word' id='word_1_97' title='bbox 1200 1070 1376 1123; x_wconf 89' lang='lat' dir='ltr'>intolerabiles</span> <span class='ocrx_word' id='word_1_98' title='bbox 1408 1074 1536 1125; x_wconf 86' lang='lat' dir='ltr'>sustinere</span> <span class='ocrx_word' id='word_1_99' title='bbox 1570 1076 1723 1130; x_wconf 71' lang='lat' dir='ltr'>acerbitates</span> <span class='ocrx_word' id='word_1_100' title='bbox 1748 1081 1858 1131; x_wconf 87' lang='lat' dir='ltr'>miseros</span> 
     </span>
     <span class='ocr_line' id='line_1_9' title="bbox 245 1140 1858 1236; baseline 0.011 -35"><span class='ocrx_word' id='word_1_101' title='bbox 245 1150 354 1203; x_wconf 89' lang='grc' dir='ltr'>οτασθαι</span> <span class='ocrx_word' id='word_1_102' title='bbox 366 1142 425 1210; x_wconf 78' lang='grc' dir='ltr'>τούς</span> <span class='ocrx_word' id='word_1_103' title='bbox 439 1146 540 1211; x_wconf 88' lang='grc' dir='ltr'>ἀθλίους</span> <span class='ocrx_word' id='word_1_104' title='bbox 551 1143 597 1210; x_wconf 72' lang='lat' dir='ltr'>sd&lt;</span> <span class='ocrx_word' id='word_1_105' title='bbox 610 1145 768 1223; x_wconf 86' lang='grc' dir='ltr'>δριμύτητας</span> <span class='ocrx_word' id='word_1_106' title='bbox 778 1146 928 1222; x_wconf 80' lang='grc' dir='ltr'>συμύαίνει.</span> <span class='ocrx_word' id='word_1_107' title='bbox 945 1140 1027 1209; x_wconf 68' lang='lat' dir='ltr'>Olus</span> <span class='ocrx_word' id='word_1_108' title='bbox 1072 1158 1209 1226; x_wconf 84' lang='lat' dir='ltr'>contingit.</span> <span class='ocrx_word' id='word_1_109' title='bbox 1246 1158 1336 1210; x_wconf 83' lang='lat' dir='ltr'><strong>Talem</strong></span> <span class='ocrx_word' id='word_1_110' title='bbox 1362 1159 1449 1229; x_wconf 92' lang='lat' dir='ltr'>itaque</span> <span class='ocrx_word' id='word_1_111' title='bbox 1472 1162 1607 1214; x_wconf 88' lang='lat' dir='ltr'>interitum</span> <span class='ocrx_word' id='word_1_112' title='bbox 1638 1162 1716 1235; x_wconf 84' lang='lat' dir='ltr'>(sive</span> <span class='ocrx_word' id='word_1_113' title='bbox 1739 1168 1858 1236; x_wconf 90' lang='lat' dir='ltr'>corpon&#39;s</span> 
     </span>
     <span class='ocr_line' id='line_1_10' title="bbox 245 1224 1857 1323; baseline 0.009 -34"><span class='ocrx_word' id='word_1_114' title='bbox 245 1231 292 1305; x_wconf 85' lang='grc' dir='ltr'>μὲν</span> <span class='ocrx_word' id='word_1_115' title='bbox 305 1224 349 1290; x_wconf 80' lang='grc' dir='ltr'>σύν</span> <span class='ocrx_word' id='word_1_116' title='bbox 364 1233 415 1291; x_wconf 88' lang='grc' dir='ltr'>είτε</span> <span class='ocrx_word' id='word_1_117' title='bbox 428 1233 485 1299; x_wconf 85' lang='grc' dir='ltr'>τούς</span> <span class='ocrx_word' id='word_1_118' title='bbox 497 1232 597 1313; x_wconf 79' lang='grc' dir='ltr'>χυμούς</span> <span class='ocrx_word' id='word_1_119' title='bbox 609 1232 661 1292; x_wconf 80' lang='grc' dir='ltr'>εἴτε</span> <span class='ocrx_word' id='word_1_120' title='bbox 669 1234 717 1306; x_wconf 73' lang='grc' dir='ltr'>τὴν</span> <span class='ocrx_word' id='word_1_121' title='bbox 731 1234 829 1315; x_wconf 74' lang='grc' dir='ltr'>τροφὴν</span> <span class='ocrx_word' id='word_1_122' title='bbox 842 1236 892 1294; x_wconf 85' lang='grc' dir='ltr'>εἴτε</span> <span class='ocrx_word' id='word_1_123' title='bbox 903 1237 946 1294; x_wconf 85' lang='grc' dir='ltr'>τὸν</span> <span class='ocrx_word' id='word_1_124' title='bbox 961 1237 1026 1317; x_wconf 89' lang='grc' dir='ltr'>ἀέρα</span> <span class='ocrx_word' id='word_1_125' title='bbox 1074 1243 1143 1294; x_wconf 82' lang='lat' dir='ltr'>succi</span> <span class='ocrx_word' id='word_1_126' title='bbox 1166 1244 1219 1295; x_wconf 80' lang='lat' dir='ltr'>sire</span> <span class='ocrx_word' id='word_1_127' title='bbox 1240 1244 1392 1297; x_wconf 78' lang='lat' dir='ltr'>alimentum</span> <span class='ocrx_word' id='word_1_128' title='bbox 1414 1248 1468 1298; x_wconf 80' lang='lat' dir='ltr'>sive</span> <span class='ocrx_word' id='word_1_129' title='bbox 1491 1266 1536 1299; x_wconf 87' lang='lat' dir='ltr'>aer</span> <span class='ocrx_word' id='word_1_130' title='bbox 1556 1250 1620 1301; x_wconf 89' lang='lat' dir='ltr'>vitio</span> <span class='ocrx_word' id='word_1_131' title='bbox 1642 1260 1668 1301; x_wconf 90' lang='lat' dir='ltr'>et</span> <span class='ocrx_word' id='word_1_132' title='bbox 1693 1254 1857 1323; x_wconf 84' lang='lat' dir='ltr'>corruptioni</span> 
     </span>
     <span class='ocr_line' id='line_1_11' title="bbox 205 1320 1766 1407; baseline 0.009 -30"><span class='ocrx_word' id='word_1_133' title='bbox 205 1335 230 1372; x_wconf 83' lang='lat'>¹⁰</span> <span class='ocrx_word' id='word_1_134' title='bbox 246 1322 291 1391; x_wconf 75' lang='grc' dir='ltr'>τῆς</span> <span class='ocrx_word' id='word_1_135' title='bbox 302 1320 396 1387; x_wconf 88' lang='grc' dir='ltr'>κακίας</span> <span class='ocrx_word' id='word_1_136' title='bbox 408 1320 509 1401; x_wconf 84' lang='grc' dir='ltr'>ἐχοντες</span> <span class='ocrx_word' id='word_1_137' title='bbox 523 1320 618 1396; x_wconf 80' lang='grc' dir='ltr'>αἴτιον,</span> <span class='ocrx_word' id='word_1_138' title='bbox 634 1321 714 1389; x_wconf 82' lang='grc' dir='ltr'>οὕτως</span> <span class='ocrx_word' id='word_1_139' title='bbox 727 1324 898 1387; x_wconf 71' lang='grc' dir='ltr'>ἀπόλλυνται,</span> <span class='ocrx_word' id='word_1_140' title='bbox 1071 1330 1133 1382; x_wconf 87' lang='lat' dir='ltr'>huic</span> <span class='ocrx_word' id='word_1_141' title='bbox 1145 1349 1249 1384; x_wconf 88' lang='lat' dir='ltr'>causam</span> <span class='ocrx_word' id='word_1_142' title='bbox 1261 1332 1411 1403; x_wconf 66' lang='lat' dir='ltr'>praebeant)</span> <span class='ocrx_word' id='word_1_143' title='bbox 1426 1334 1597 1407; x_wconf 76' lang='lat' dir='ltr'>ltnidophagi</span> <span class='ocrx_word' id='word_1_144' title='bbox 1610 1338 1766 1391; x_wconf 89' lang='lat' dir='ltr'>sortiuntur.</span> 
     </span>
     <span class='ocr_line' id='line_1_12' title="bbox 283 1406 1856 1496; baseline 0.008 -30"><span class='ocrx_word' id='word_1_145' title='bbox 283 1428 321 1467; x_wconf 84' lang='grc' dir='ltr'>συ.</span> <span class='ocrx_word' id='word_1_146' title='bbox 342 1406 407 1468; x_wconf 83' lang='grc' dir='ltr'>Ὅτι</span> <span class='ocrx_word' id='word_1_147' title='bbox 418 1410 469 1465; x_wconf 81' lang='grc' dir='ltr'>τῶν</span> <span class='ocrx_word' id='word_1_148' title='bbox 480 1407 672 1487; x_wconf 82' lang='grc' dir='ltr'>ἀκριδοφάγων,</span> <span class='ocrx_word' id='word_1_149' title='bbox 682 1410 772 1489; x_wconf 90' lang='grc' dir='ltr'>φησίν,</span> <span class='ocrx_word' id='word_1_150' title='bbox 784 1411 941 1489; x_wconf 83' lang='grc' dir='ltr'>ἀστυγείτων</span> <span class='ocrx_word' id='word_1_151' title='bbox 950 1412 1026 1494; x_wconf 87' lang='grc' dir='ltr'>χώρα</span> <span class='ocrx_word' id='word_1_152' title='bbox 1109 1419 1151 1486; x_wconf 85' lang='lat'>59.</span> <span class='ocrx_word' id='word_1_153' title='bbox 1172 1419 1341 1472; x_wconf 89' lang='lat' dir='ltr'>Contermina</span> <span class='ocrx_word' id='word_1_154' title='bbox 1362 1419 1410 1472; x_wconf 92' lang='lat' dir='ltr'>illis</span> <span class='ocrx_word' id='word_1_155' title='bbox 1437 1432 1475 1473; x_wconf 89' lang='lat' dir='ltr'>cst</span> <span class='ocrx_word' id='word_1_156' title='bbox 1494 1424 1565 1491; x_wconf 85' lang='lat' dir='ltr'>regio</span> <span class='ocrx_word' id='word_1_157' title='bbox 1585 1422 1705 1493; x_wconf 77' lang='lat' dir='ltr'>quaedam</span> <span class='ocrx_word' id='word_1_158' title='bbox 1728 1428 1856 1496; x_wconf 83' lang='lat' dir='ltr'>spatiosa,</span> 
     </span>
     <span class='ocr_line' id='line_1_13' title="bbox 244 1494 1858 1581; baseline 0.011 -31"><span class='ocrx_word' id='word_1_159' title='bbox 244 1494 330 1565; x_wconf 75' lang='grc' dir='ltr'>πολλὴ</span> <span class='ocrx_word' id='word_1_160' title='bbox 345 1498 390 1553; x_wconf 81' lang='grc' dir='ltr'>καί</span> <span class='ocrx_word' id='word_1_161' title='bbox 404 1496 485 1573; x_wconf 76' lang='grc' dir='ltr'>νομὰς</span> <span class='ocrx_word' id='word_1_162' title='bbox 498 1497 595 1575; x_wconf 87' lang='grc' dir='ltr'>ἐχουσα</span> <span class='ocrx_word' id='word_1_163' title='bbox 607 1496 725 1576; x_wconf 75' lang='grc' dir='ltr'>ποικιλία</span> <span class='ocrx_word' id='word_1_164' title='bbox 738 1498 918 1578; x_wconf 89' lang='grc' dir='ltr'>διαφερούσας,</span> <span class='ocrx_word' id='word_1_165' title='bbox 931 1498 1027 1581; x_wconf 85' lang='grc' dir='ltr'>ἔρημος</span> <span class='ocrx_word' id='word_1_166' title='bbox 1071 1522 1129 1575; x_wconf 72' lang='lat' dir='ltr'>quac</span> <span class='ocrx_word' id='word_1_167' title='bbox 1144 1506 1209 1559; x_wconf 87' lang='lat' dir='ltr'>mira</span> <span class='ocrx_word' id='word_1_168' title='bbox 1231 1506 1338 1577; x_wconf 89' lang='lat' dir='ltr'>quidem</span> <span class='ocrx_word' id='word_1_169' title='bbox 1352 1526 1509 1579; x_wconf 88' lang='lat' dir='ltr'>pascuorum</span> <span class='ocrx_word' id='word_1_170' title='bbox 1531 1511 1653 1564; x_wconf 83' lang='lat' dir='ltr'>varietate</span> <span class='ocrx_word' id='word_1_171' title='bbox 1665 1512 1798 1578; x_wconf 75' lang='lat' dir='ltr'><strong>abundat,</strong></span> <span class='ocrx_word' id='word_1_172' title='bbox 1812 1515 1858 1567; x_wconf 87' lang='lat' dir='ltr'>sed</span> 
     </span>
     <span class='ocr_line' id='line_1_14' title="bbox 243 1583 1858 1669; baseline 0.009 -30"><span class='ocrx_word' id='word_1_173' title='bbox 243 1583 270 1639; x_wconf 82' lang='grc' dir='ltr'>δὲ</span> <span class='ocrx_word' id='word_1_174' title='bbox 298 1584 392 1649; x_wconf 82' lang='grc' dir='ltr'>τελέως</span> <span class='ocrx_word' id='word_1_175' title='bbox 415 1584 459 1641; x_wconf 86' lang='grc' dir='ltr'>καί</span> <span class='ocrx_word' id='word_1_176' title='bbox 485 1593 552 1642; x_wconf 72' lang='grc' dir='ltr'>πᾶσι</span> <span class='ocrx_word' id='word_1_177' title='bbox 584 1584 637 1651; x_wconf 85' lang='grc' dir='ltr'>τοῖς</span> <span class='ocrx_word' id='word_1_178' title='bbox 665 1586 805 1663; x_wconf 77' lang='grc' dir='ltr'>περιοίκοις</span> <span class='ocrx_word' id='word_1_179' title='bbox 835 1586 951 1659; x_wconf 80' lang='grc' dir='ltr'>άύατος,</span> <span class='ocrx_word' id='word_1_180' title='bbox 979 1590 1026 1647; x_wconf 90' lang='grc' dir='ltr'>ούκ</span> <span class='ocrx_word' id='word_1_181' title='bbox 1071 1590 1172 1645; x_wconf 84' lang='lat' dir='ltr'>deserta</span> <span class='ocrx_word' id='word_1_182' title='bbox 1188 1604 1227 1646; x_wconf 90' lang='lat' dir='ltr'>est</span> <span class='ocrx_word' id='word_1_183' title='bbox 1241 1596 1366 1661; x_wconf 86' lang='lat' dir='ltr'>omnino,</span> <span class='ocrx_word' id='word_1_184' title='bbox 1386 1594 1513 1665; x_wconf 78' lang='lat' dir='ltr'>nullisque</span> <span class='ocrx_word' id='word_1_185' title='bbox 1527 1615 1559 1649; x_wconf 89' lang='lat' dir='ltr'>eo</span> <span class='ocrx_word' id='word_1_186' title='bbox 1574 1597 1664 1649; x_wconf 89' lang='lat' dir='ltr'>incolis</span> <span class='ocrx_word' id='word_1_187' title='bbox 1685 1610 1756 1669; x_wconf 89' lang='lat' dir='ltr'>patet</span> <span class='ocrx_word' id='word_1_188' title='bbox 1772 1619 1858 1653; x_wconf 85' lang='lat' dir='ltr'>acees-</span> 
     </span>
     <span class='ocr_line' id='line_1_15' title="bbox 243 1670 1858 1751; baseline 0.007 -25"><span class='ocrx_word' id='word_1_189' title='bbox 243 1670 288 1726; x_wconf 82' lang='grc' dir='ltr'>ἀπ’</span> <span class='ocrx_word' id='word_1_190' title='bbox 302 1672 386 1749; x_wconf 78' lang='grc' dir='ltr'>ἀρχῆς</span> <span class='ocrx_word' id='word_1_191' title='bbox 411 1672 560 1729; x_wconf 87' lang='grc' dir='ltr'>σπανίσασα</span> <span class='ocrx_word' id='word_1_192' title='bbox 582 1670 745 1751; x_wconf 80' lang='grc' dir='ltr'>ἀνθρωπίνου</span> <span class='ocrx_word' id='word_1_193' title='bbox 771 1675 876 1751; x_wconf 91' lang='grc' dir='ltr'>γένους,</span> <span class='ocrx_word' id='word_1_194' title='bbox 898 1675 956 1734; x_wconf 82' lang='grc' dir='ltr'>ἀλλ’</span> <span class='ocrx_word' id='word_1_195' title='bbox 974 1677 1025 1734; x_wconf 74' lang='grc' dir='ltr'>ὑπὸ</span> <span class='ocrx_word' id='word_1_196' title='bbox 1071 1695 1124 1741; x_wconf 83' lang='lat' dir='ltr'>sus,</span> <span class='ocrx_word' id='word_1_197' title='bbox 1138 1696 1191 1730; x_wconf 92' lang='lat' dir='ltr'>non</span> <span class='ocrx_word' id='word_1_198' title='bbox 1205 1678 1278 1749; x_wconf 91' lang='lat' dir='ltr'>quod</span> <span class='ocrx_word' id='word_1_199' title='bbox 1286 1680 1319 1732; x_wconf 90' lang='lat' dir='ltr'>ab</span> <span class='ocrx_word' id='word_1_200' title='bbox 1331 1682 1407 1734; x_wconf 91' lang='lat' dir='ltr'>initio</span> <span class='ocrx_word' id='word_1_201' title='bbox 1415 1681 1499 1735; x_wconf 88' lang='lat' dir='ltr'>deluit</span> <span class='ocrx_word' id='word_1_202' title='bbox 1512 1683 1534 1734; x_wconf 93' lang='lat' dir='ltr'>ei</span> <span class='ocrx_word' id='word_1_203' title='bbox 1548 1701 1629 1751; x_wconf 90' lang='lat' dir='ltr'>genus</span> <span class='ocrx_word' id='word_1_204' title='bbox 1640 1685 1800 1749; x_wconf 89' lang='lat' dir='ltr'>mortalium,</span> <span class='ocrx_word' id='word_1_205' title='bbox 1811 1687 1858 1739; x_wconf 89' lang='lat' dir='ltr'>sed</span> 
     </span>
     <span class='ocr_line' id='line_1_16' title="bbox 206 1755 1857 1847; baseline 0.011 -38"><span class='ocrx_word' id='word_1_206' title='bbox 206 1769 229 1809; x_wconf 77' lang='lat' dir='ltr'>ts</span> <span class='ocrx_word' id='word_1_207' title='bbox 242 1755 355 1827; x_wconf 75' lang='grc' dir='ltr'>πλήθους</span> <span class='ocrx_word' id='word_1_208' title='bbox 378 1756 489 1816; x_wconf 86' lang='grc' dir='ltr'>ἀπίστου</span> <span class='ocrx_word' id='word_1_209' title='bbox 503 1757 633 1838; x_wconf 88' lang='grc' dir='ltr'>σκορπίων</span> <span class='ocrx_word' id='word_1_210' title='bbox 648 1757 694 1816; x_wconf 90' lang='grc' dir='ltr'>καί</span> <span class='ocrx_word' id='word_1_211' title='bbox 708 1760 872 1839; x_wconf 89' lang='grc' dir='ltr'>φαλαγγίων,</span> <span class='ocrx_word' id='word_1_212' title='bbox 890 1760 920 1828; x_wconf 79' lang='grc' dir='ltr'>ἀς</span> <span class='ocrx_word' id='word_1_213' title='bbox 933 1786 1026 1842; x_wconf 76' lang='grc' dir='ltr'>τετρα·</span> <span class='ocrx_word' id='word_1_214' title='bbox 1070 1766 1141 1835; x_wconf 89' lang='lat' dir='ltr'>quod</span> <span class='ocrx_word' id='word_1_215' title='bbox 1153 1766 1312 1819; x_wconf 86' lang='lat' dir='ltr'>incredibiIis</span> <span class='ocrx_word' id='word_1_216' title='bbox 1324 1768 1360 1821; x_wconf 91' lang='lat' dir='ltr'>ihi</span> <span class='ocrx_word' id='word_1_217' title='bbox 1370 1768 1515 1839; x_wconf 75' lang='lat' dir='ltr'>frequentia</span> <span class='ocrx_word' id='word_1_218' title='bbox 1525 1782 1565 1823; x_wconf 92' lang='lat' dir='ltr'>est</span> <span class='ocrx_word' id='word_1_219' title='bbox 1574 1772 1743 1843; x_wconf 80' lang='lat' dir='ltr'>scorpionum</span> <span class='ocrx_word' id='word_1_220' title='bbox 1756 1784 1780 1825; x_wconf 92' lang='lat' dir='ltr'>et</span> <span class='ocrx_word' id='word_1_221' title='bbox 1791 1773 1857 1847; x_wconf 91' lang='lat' dir='ltr'>pha·</span> 
     </span>
    </p>
   </div>
   <div class='ocr_carea' id='block_1_3' title="bbox 162 1921 1857 3673">
    <p class='ocr_par' dir='ltr' id='par_1_3' title="bbox 162 1921 1856 2270">
     <span class='ocr_line' id='line_1_17' title="bbox 162 1921 1856 2020; baseline 0.014 -42"><span class='ocrx_word' id='word_1_222' title='bbox 162 1925 232 1977; x_wconf 61' lang='lat' dir='ltr'>Littd.</span> <span class='ocrx_word' id='word_1_223' title='bbox 244 1921 283 1979; x_wconf 84' lang='grc' dir='ltr'>ἀεί</span> <span class='ocrx_word' id='word_1_224' title='bbox 298 1924 398 1999; x_wconf 79' lang='grc' dir='ltr'>μᾶλλον</span> <span class='ocrx_word' id='word_1_225' title='bbox 409 1926 462 1982; x_wconf 80' lang='grc' dir='ltr'>τῶν</span> <span class='ocrx_word' id='word_1_226' title='bbox 474 1925 648 2003; x_wconf 82' lang='grc' dir='ltr'>ἐγγενομένων</span> <span class='ocrx_word' id='word_1_227' title='bbox 660 1927 756 2007; x_wconf 80' lang='grc' dir='ltr'>θηρίων</span> <span class='ocrx_word' id='word_1_228' title='bbox 768 1931 803 1993; x_wconf 77' lang='grc' dir='ltr'>εἷς</span> <span class='ocrx_word' id='word_1_229' title='bbox 814 1928 861 2000; x_wconf 67' lang='grc' dir='ltr'>τὴν</span> <span class='ocrx_word' id='word_1_230' title='bbox 872 1930 1026 2010; x_wconf 81' lang='grc' dir='ltr'>ἐπιφάνειαν</span> <span class='ocrx_word' id='word_1_231' title='bbox 1071 1960 1132 1994; x_wconf 88' lang='lat' dir='ltr'>eum</span> <span class='ocrx_word' id='word_1_232' title='bbox 1155 1942 1311 1997; x_wconf 80' lang='lat' dir='ltr'>intolerabili</span> <span class='ocrx_word' id='word_1_233' title='bbox 1339 1943 1437 1998; x_wconf 87' lang='lat' dir='ltr'>doloris</span> <span class='ocrx_word' id='word_1_234' title='bbox 1458 1947 1600 2001; x_wconf 73' lang='lat' dir='ltr'>acerbitate</span> <span class='ocrx_word' id='word_1_235' title='bbox 1631 1948 1709 2000; x_wconf 88' lang='lat' dir='ltr'>simul</span> <span class='ocrx_word' id='word_1_236' title='bbox 1730 1950 1856 2020; x_wconf 82' lang='lat' dir='ltr'>erumpit.</span> 
     </span>
     <span class='ocr_line' id='line_1_18' title="bbox 243 2009 1027 2094; baseline 0.01 -26"><span class='ocrx_word' id='word_1_237' title='bbox 243 2009 430 2084; x_wconf 80' lang='grc' dir='ltr'>ἐκπιπτόντων,</span> <span class='ocrx_word' id='word_1_238' title='bbox 443 2016 608 2094; x_wconf 73' lang='grc' dir='ltr'>συνεκχεῖται</span> <span class='ocrx_word' id='word_1_239' title='bbox 623 2016 722 2086; x_wconf 81' lang='grc' dir='ltr'>πλῆθος</span> <span class='ocrx_word' id='word_1_240' title='bbox 738 2018 834 2094; x_wconf 76' lang='grc' dir='ltr'>ἰχῶρος</span> <span class='ocrx_word' id='word_1_241' title='bbox 852 2020 949 2077; x_wconf 78' lang='grc' dir='ltr'>λεπτοῦ</span> <span class='ocrx_word' id='word_1_242' title='bbox 957 2063 965 2089; x_wconf 94' lang='grc'>,</span> <span class='ocrx_word' id='word_1_243' title='bbox 979 2017 1027 2089; x_wconf 72' lang='grc' dir='ltr'>τὴν</span> 
     </span>
     <span class='ocr_line' id='line_1_19' title="bbox 241 2096 1281 2185; baseline 0.012 -32"><span class='ocrx_word' id='word_1_244' title='bbox 241 2096 389 2177; x_wconf 80' lang='grc' dir='ltr'>δριμύτητα</span> <span class='ocrx_word' id='word_1_245' title='bbox 407 2104 542 2169; x_wconf 83' lang='grc' dir='ltr'>παντελῶς</span> <span class='ocrx_word' id='word_1_246' title='bbox 559 2102 664 2182; x_wconf 82' lang='grc' dir='ltr'>ἔχοντος</span> <span class='ocrx_word' id='word_1_247' title='bbox 681 2101 888 2177; x_wconf 71' lang='grc' dir='ltr'>ἀνυπομόνητον.</span> <span class='ocrx_word' id='word_1_248' title='bbox 929 2104 1028 2185; x_wconf 88' lang='grc' dir='ltr'>Διόπερ</span> <span class='ocrx_word' id='word_1_249' title='bbox 1098 2172 1103 2183; x_wconf 52' lang='grc'>,</span> <span class='ocrx_word' id='word_1_250' title='bbox 1191 2172 1197 2183; x_wconf 53' lang='grc'>,</span> <span class='ocrx_word' id='word_1_251' title='bbox 1276 2174 1281 2185; x_wconf 55' lang='grc'>,</span> 
     </span>
     <span class='ocr_line' id='line_1_20' title="bbox 243 2172 1856 2270; baseline 0.006 -52"><span class='ocrx_word' id='word_1_252' title='bbox 243 2186 489 2268; x_wconf 59' lang='grc' dir='ltr'>ὁσυ,,χό,,,,,ςτῷ</span> <span class='ocrx_word' id='word_1_253' title='bbox 503 2189 582 2248; x_wconf 50' lang='grc' dir='ltr'>πάθῃ</span> <span class='ocrx_word' id='word_1_254' title='bbox 598 2189 742 2270; x_wconf 53' lang='grc' dir='ltr'>βωωιπρο,</span> <span class='ocrx_word' id='word_1_255' title='bbox 758 2187 1025 2267; x_wconf 50' lang='grc' dir='ltr'>ἀμύτταωῖςῶυρχ</span> <span class='ocrx_word' id='word_1_256' title='bbox 1069 2182 1148 2223; x_wconf 84' lang='lat' dir='ltr'>mttus</span> <span class='ocrx_word' id='word_1_257' title='bbox 1163 2172 1320 2226; x_wconf 75' lang='lat' dir='ltr'>miserabiles</span> <span class='ocrx_word' id='word_1_258' title='bbox 1331 2172 1453 2227; x_wconf 90' lang='lat' dir='ltr'>ellundit.</span> <span class='ocrx_word' id='word_1_259' title='bbox 1491 2177 1660 2229; x_wconf 90' lang='lat' dir='ltr'>Inmanuum</span> <span class='ocrx_word' id='word_1_260' title='bbox 1677 2176 1856 2229; x_wconf 79' lang='lat' dir='ltr'>veroexulce-</span> 
     </span>
    </p>

    <p class='ocr_par' dir='ltr' id='par_1_4' title="bbox 194 2273 1857 3673">
     <span class='ocr_line' id='line_1_21' title="bbox 202 2273 1857 2361; baseline 0.006 -30"><span class='ocrx_word' id='word_1_261' title='bbox 202 2294 228 2331; x_wconf 79' lang='lat' dir='ltr'>no</span> <span class='ocrx_word' id='word_1_262' title='bbox 243 2273 402 2351; x_wconf 80' lang='grc' dir='ltr'>στεναγμούς</span> <span class='ocrx_word' id='word_1_263' title='bbox 417 2274 547 2353; x_wconf 79' lang='grc' dir='ltr'>μεγάλους</span> <span class='ocrx_word' id='word_1_264' title='bbox 567 2275 730 2356; x_wconf 83' lang='grc' dir='ltr'>προϊέμενος,</span> <span class='ocrx_word' id='word_1_265' title='bbox 777 2277 855 2337; x_wconf 62' lang='lat' dir='ltr'>Keil</span> <span class='ocrx_word' id='word_1_266' title='bbox 877 2277 1027 2344; x_wconf 65' lang='lat' dir='ltr'>lithaniis</span> <span class='ocrx_word' id='word_1_267' title='bbox 1068 2284 1169 2335; x_wconf 85' lang='lat' dir='ltr'>ratione</span> <span class='ocrx_word' id='word_1_268' title='bbox 1188 2294 1259 2337; x_wconf 88' lang='lat' dir='ltr'>tanta</span> <span class='ocrx_word' id='word_1_269' title='bbox 1278 2286 1315 2335; x_wconf 90' lang='lat' dir='ltr'>vis</span> <span class='ocrx_word' id='word_1_270' title='bbox 1340 2288 1468 2339; x_wconf 84' lang='lat' dir='ltr'>vermium</span> <span class='ocrx_word' id='word_1_271' title='bbox 1490 2288 1649 2358; x_wconf 75' lang='lat' dir='ltr'>expullulat,</span> <span class='ocrx_word' id='word_1_272' title='bbox 1664 2300 1704 2353; x_wconf 81' lang='lat' dir='ltr'>ut,</span> <span class='ocrx_word' id='word_1_273' title='bbox 1728 2289 1784 2342; x_wconf 88' lang='lat' dir='ltr'>aliis</span> <span class='ocrx_word' id='word_1_274' title='bbox 1797 2302 1857 2361; x_wconf 92' lang='lat' dir='ltr'>post</span> 
     </span>
     <span class='ocr_line' id='line_1_22' title="bbox 241 2360 1026 2445; baseline 0.009 -29"><span class='ocrx_word' id='word_1_275' title='bbox 241 2364 336 2440; x_wconf 80' lang='grc' dir='ltr'>χειρῶν</span> <span class='ocrx_word' id='word_1_276' title='bbox 349 2360 500 2431; x_wconf 82' lang='grc' dir='ltr'>ἐξελκώσεις</span> <span class='ocrx_word' id='word_1_277' title='bbox 515 2370 625 2423; x_wconf 82' lang='grc' dir='ltr'>τοσοῦτο</span> <span class='ocrx_word' id='word_1_278' title='bbox 635 2366 734 2434; x_wconf 82' lang='grc' dir='ltr'>πλῆθος</span> <span class='ocrx_word' id='word_1_279' title='bbox 748 2364 870 2423; x_wconf 79' lang='grc' dir='ltr'>ἐκπίπτει</span> <span class='ocrx_word' id='word_1_280' title='bbox 884 2369 935 2425; x_wconf 77' lang='grc' dir='ltr'>τῶν</span> <span class='ocrx_word' id='word_1_281' title='bbox 949 2368 1026 2445; x_wconf 75' lang='grc' dir='ltr'>ἕρπε·</span> 
     </span>
     <span class='ocr_line' id='line_1_23' title="bbox 241 2447 1026 2531; baseline 0.011 -30"><span class='ocrx_word' id='word_1_282' title='bbox 241 2450 304 2523; x_wconf 82' lang='grc' dir='ltr'>τῶν,</span> <span class='ocrx_word' id='word_1_283' title='bbox 327 2447 395 2507; x_wconf 85' lang='grc' dir='ltr'>ώστε</span> <span class='ocrx_word' id='word_1_284' title='bbox 418 2450 500 2525; x_wconf 78' lang='grc' dir='ltr'>μηδὲν</span> <span class='ocrx_word' id='word_1_285' title='bbox 524 2453 610 2510; x_wconf 80' lang='grc' dir='ltr'>ἀνύειν</span> <span class='ocrx_word' id='word_1_286' title='bbox 637 2450 697 2520; x_wconf 78' lang='grc' dir='ltr'>τούς</span> <span class='ocrx_word' id='word_1_287' title='bbox 722 2452 916 2531; x_wconf 85' lang='grc' dir='ltr'>ἀπολέγοντας,</span> <span class='ocrx_word' id='word_1_288' title='bbox 941 2457 975 2520; x_wconf 86' lang='grc' dir='ltr'>ῶς</span> <span class='ocrx_word' id='word_1_289' title='bbox 995 2452 1026 2513; x_wconf 80' lang='grc' dir='ltr'>ἀν</span> 
     </span>
     <span class='ocr_line' id='line_1_24' title="bbox 230 2535 1026 2621; baseline 0.01 -30"><span class='ocrx_word' id='word_1_290' title='bbox 230 2535 329 2593; x_wconf 60' lang='grc' dir='ltr'>’ἀλλων</span> <span class='ocrx_word' id='word_1_291' title='bbox 350 2536 391 2594; x_wconf 81' lang='grc' dir='ltr'>ἐπ’</span> <span class='ocrx_word' id='word_1_292' title='bbox 402 2536 491 2605; x_wconf 87' lang='grc' dir='ltr'>ἀλλοις</span> <span class='ocrx_word' id='word_1_293' title='bbox 508 2540 700 2619; x_wconf 86' lang='grc' dir='ltr'>ἐκφαινομένων</span> <span class='ocrx_word' id='word_1_294' title='bbox 717 2539 837 2621; x_wconf 88' lang='grc' dir='ltr'>καθάπερ</span> <span class='ocrx_word' id='word_1_295' title='bbox 855 2541 885 2600; x_wconf 84' lang='grc' dir='ltr'>ἐκ</span> <span class='ocrx_word' id='word_1_296' title='bbox 896 2565 963 2609; x_wconf 90' lang='grc' dir='ltr'>τινος</span> <span class='ocrx_word' id='word_1_297' title='bbox 979 2545 1026 2618; x_wconf 88' lang='grc' dir='ltr'>ἀγ·</span> 
     </span>
     <span class='ocr_line' id='line_1_25' title="bbox 242 2620 1856 2705; baseline 0.005 -33"><span class='ocrx_word' id='word_1_298' title='bbox 242 2623 313 2697; x_wconf 61' lang='lat' dir='ltr'>aptior&gt;</span> <span class='ocrx_word' id='word_1_299' title='bbox 327 2627 470 2704; x_wconf 72' lang='grc' dir='ltr'>πολλαχῶς</span> <span class='ocrx_word' id='word_1_300' title='bbox 490 2629 729 2705; x_wconf 67' lang='grc' dir='ltr'>κατατετρημένου,</span> <span class='ocrx_word' id='word_1_301' title='bbox 773 2620 855 2690; x_wconf 60' lang='grc' dir='ltr'>Οὗτοι</span> <span class='ocrx_word' id='word_1_302' title='bbox 871 2628 918 2705; x_wconf 73' lang='grc' dir='ltr'>μὲν</span> <span class='ocrx_word' id='word_1_303' title='bbox 936 2620 978 2687; x_wconf 60' lang='grc' dir='ltr'>οὖν</span> <span class='ocrx_word' id='word_1_304' title='bbox 992 2632 1027 2696; x_wconf 75' lang='grc' dir='ltr'>εἷς</span> <span class='ocrx_word' id='word_1_305' title='bbox 1068 2623 1196 2693; x_wconf 61' lang='lat' dir='ltr'>tljllsmodl</span> <span class='ocrx_word' id='word_1_306' title='bbox 1218 2627 1336 2696; x_wconf 62' lang='lat' dir='ltr'>COIPOI&#39;lS</span> <span class='ocrx_word' id='word_1_307' title='bbox 1354 2624 1539 2678; x_wconf 77' lang='lat' dir='ltr'>resolutionem</span> <span class='ocrx_word' id='word_1_308' title='bbox 1564 2626 1659 2679; x_wconf 68' lang='lat' dir='ltr'>infelici</span> <span class='ocrx_word' id='word_1_309' title='bbox 1682 2629 1761 2679; x_wconf 71' lang='lat' dir='ltr'>vllam</span> <span class='ocrx_word' id='word_1_310' title='bbox 1783 2630 1856 2680; x_wconf 70' lang='lat' dir='ltr'>cxliii</span> 
     </span>
     <span class='ocr_line' id='line_1_26' title="bbox 203 2711 1855 2813; baseline 0.005 -25"><span class='ocrx_word' id='word_1_311' title='bbox 203 2728 228 2763; x_wconf 66' lang='lat'>²³</span> <span class='ocrx_word' id='word_1_312' title='bbox 244 2711 364 2782; x_wconf 60' lang='grc' dir='ltr'>ῗθίθῦτθν</span> <span class='ocrx_word' id='word_1_313' title='bbox 377 2714 494 2772; x_wconf 55' lang='grc' dir='ltr'>διάλυσίν</span> <span class='ocrx_word' id='word_1_314' title='bbox 506 2718 550 2773; x_wconf 63' lang='grc' dir='ltr'>τοῦ</span> <span class='ocrx_word' id='word_1_315' title='bbox 561 2713 683 2791; x_wconf 58' lang='lat' dir='ltr'>l‘lilim‘</span> <span class='ocrx_word' id='word_1_316' title='bbox 692 2715 902 2796; x_wconf 58' lang='grc' dir='ltr'>καταστθέθουσί</span> <span class='ocrx_word' id='word_1_317' title='bbox 914 2715 957 2773; x_wconf 61' lang='grc' dir='ltr'>τὸν</span> <span class='ocrx_word' id='word_1_318' title='bbox 971 2716 1027 2793; x_wconf 65' lang='grc' dir='ltr'>βίον</span> <span class='ocrx_word' id='word_1_319' title='bbox 1068 2742 1202 2796; x_wconf 82' lang='lat' dir='ltr'>claudunt.</span> <span class='ocrx_word' id='word_1_320' title='bbox 1242 2748 1264 2795; x_wconf 89' lang='grc' dir='ltr'>Λ</span> <span class='ocrx_word' id='word_1_321' title='bbox 1278 2753 1404 2795; x_wconf 85' lang='lat' dir='ltr'>naturane</span> <span class='ocrx_word' id='word_1_322' title='bbox 1420 2742 1482 2806; x_wconf 91' lang='lat' dir='ltr'>eibi,</span> <span class='ocrx_word' id='word_1_323' title='bbox 1497 2760 1531 2795; x_wconf 93' lang='lat' dir='ltr'>an</span> <span class='ocrx_word' id='word_1_324' title='bbox 1554 2745 1679 2813; x_wconf 82' lang='lat' dir='ltr'>temperie</span> <span class='ocrx_word' id='word_1_325' title='bbox 1696 2745 1762 2795; x_wconf 88' lang='lat' dir='ltr'>acris</span> <span class='ocrx_word' id='word_1_326' title='bbox 1776 2762 1855 2796; x_wconf 84' lang='lat' dir='ltr'>even-</span> 
     </span>
     <span class='ocr_line' id='line_1_27' title="bbox 243 2799 1026 2884; baseline 0.005 -28"><span class='ocrx_word' id='word_1_327' title='bbox 243 2800 392 2878; x_wconf 84' lang='grc' dir='ltr'>θυστυχῶς,</span> <span class='ocrx_word' id='word_1_328' title='bbox 410 2800 461 2859; x_wconf 88' lang='grc' dir='ltr'>είτι</span> <span class='ocrx_word' id='word_1_329' title='bbox 478 2799 520 2859; x_wconf 82' lang='grc' dir='ltr'>διδ</span> <span class='ocrx_word' id='word_1_330' title='bbox 541 2800 588 2872; x_wconf 74' lang='grc' dir='ltr'>τὴν</span> <span class='ocrx_word' id='word_1_331' title='bbox 603 2802 722 2875; x_wconf 77' lang='grc' dir='ltr'>ἰδιότητα</span> <span class='ocrx_word' id='word_1_332' title='bbox 740 2806 786 2875; x_wconf 70' lang='grc' dir='ltr'>τῆς</span> <span class='ocrx_word' id='word_1_333' title='bbox 800 2808 895 2884; x_wconf 74' lang='grc' dir='ltr'>τροφῆς</span> <span class='ocrx_word' id='word_1_334' title='bbox 913 2804 964 2861; x_wconf 85' lang='grc' dir='ltr'>εἴτε</span> <span class='ocrx_word' id='word_1_335' title='bbox 984 2804 1026 2862; x_wconf 84' lang='grc' dir='ltr'>διὰ</span> 
     </span>
     <span class='ocr_line' id='line_1_28' title="bbox 243 2888 879 2971; baseline 0.009 -28"><span class='ocrx_word' id='word_1_336' title='bbox 243 2888 287 2945; x_wconf 85' lang='grc' dir='ltr'>τὸν</span> <span class='ocrx_word' id='word_1_337' title='bbox 301 2888 365 2967; x_wconf 86' lang='grc' dir='ltr'>ἀέρα</span> <span class='ocrx_word' id='word_1_338' title='bbox 379 2888 502 2959; x_wconf 87' lang='grc' dir='ltr'>τοιαύτης</span> <span class='ocrx_word' id='word_1_339' title='bbox 516 2890 690 2969; x_wconf 82' lang='grc' dir='ltr'>τυγχάνοντες</span> <span class='ocrx_word' id='word_1_340' title='bbox 705 2891 879 2971; x_wconf 89' lang='grc' dir='ltr'>περιπετείας.</span> 
     </span>
     <span class='ocr_line' id='line_1_29' title="bbox 281 2977 1856 3060; baseline 0.001 -25"><span class='ocrx_word' id='word_1_341' title='bbox 281 2997 318 3037; x_wconf 77' lang='grc' dir='ltr'>συ.</span> <span class='ocrx_word' id='word_1_342' title='bbox 338 2980 385 3055; x_wconf 79' lang='grc' dir='ltr'>Τῷ</span> <span class='ocrx_word' id='word_1_343' title='bbox 402 2977 430 3036; x_wconf 83' lang='grc' dir='ltr'>δέ</span> <span class='ocrx_word' id='word_1_344' title='bbox 448 2978 514 3037; x_wconf 80' lang='grc' dir='ltr'>ἔθνει</span> <span class='ocrx_word' id='word_1_345' title='bbox 527 2979 611 3058; x_wconf 85' lang='grc' dir='ltr'>τούτῳ</span> <span class='ocrx_word' id='word_1_346' title='bbox 628 2979 703 3059; x_wconf 84' lang='grc' dir='ltr'>χώρα</span> <span class='ocrx_word' id='word_1_347' title='bbox 722 2980 839 3060; x_wconf 74' lang='grc' dir='ltr'>παρήκει</span> <span class='ocrx_word' id='word_1_348' title='bbox 850 2977 919 3039; x_wconf 85' lang='grc' dir='ltr'>κατθι</span> <span class='ocrx_word' id='word_1_349' title='bbox 930 2980 960 3038; x_wconf 83' lang='grc' dir='ltr'>τύ</span> <span class='ocrx_word' id='word_1_350' title='bbox 978 2981 1026 3054; x_wconf 87' lang='grc' dir='ltr'>μέ·</span> <span class='ocrx_word' id='word_1_351' title='bbox 1106 2985 1147 3054; x_wconf 84' lang='lat'>59.</span> <span class='ocrx_word' id='word_1_352' title='bbox 1170 2986 1282 3054; x_wconf 81' lang='lat' dir='ltr'>Attingit</span> <span class='ocrx_word' id='word_1_353' title='bbox 1298 2984 1366 3037; x_wconf 89' lang='lat' dir='ltr'>hanc</span> <span class='ocrx_word' id='word_1_354' title='bbox 1385 2995 1487 3053; x_wconf 78' lang='lat' dir='ltr'>gentem</span> <span class='ocrx_word' id='word_1_355' title='bbox 1502 2995 1571 3036; x_wconf 90' lang='lat' dir='ltr'>terra</span> <span class='ocrx_word' id='word_1_356' title='bbox 1584 2983 1703 3055; x_wconf 71' lang='lat' dir='ltr'>quaedam</span> <span class='ocrx_word' id='word_1_357' title='bbox 1725 2987 1856 3053; x_wconf 85' lang='lat' dir='ltr'>magnitu-</span> 
     </span>
     <span class='ocr_line' id='line_1_30' title="bbox 242 3064 1854 3146; baseline 0.002 -26"><span class='ocrx_word' id='word_1_358' title='bbox 242 3069 314 3140; x_wconf 90' lang='grc' dir='ltr'>γεθος</span> <span class='ocrx_word' id='word_1_359' title='bbox 327 3064 413 3134; x_wconf 81' lang='grc' dir='ltr'>πολλὴ</span> <span class='ocrx_word' id='word_1_360' title='bbox 425 3066 470 3124; x_wconf 89' lang='grc' dir='ltr'>καί</span> <span class='ocrx_word' id='word_1_361' title='bbox 482 3066 552 3125; x_wconf 84' lang='grc' dir='ltr'>κατίι</span> <span class='ocrx_word' id='word_1_362' title='bbox 569 3067 616 3132; x_wconf 73' lang='lat' dir='ltr'>alte</span> <span class='ocrx_word' id='word_1_363' title='bbox 629 3072 676 3138; x_wconf 81' lang='grc' dir='ltr'>τῆς</span> <span class='ocrx_word' id='word_1_364' title='bbox 687 3071 769 3144; x_wconf 74' lang='grc' dir='ltr'>νομῆς</span> <span class='ocrx_word' id='word_1_365' title='bbox 782 3069 912 3134; x_wconf 85' lang='grc' dir='ltr'>ποικιλίας</span> <span class='ocrx_word' id='word_1_366' title='bbox 926 3070 1024 3146; x_wconf 80' lang='grc' dir='ltr'>ἀγαθή·</span> <span class='ocrx_word' id='word_1_367' title='bbox 1070 3071 1132 3124; x_wconf 92' lang='lat' dir='ltr'>dine</span> <span class='ocrx_word' id='word_1_368' title='bbox 1142 3071 1242 3143; x_wconf 84' lang='lat' dir='ltr'>prolixa</span> <span class='ocrx_word' id='word_1_369' title='bbox 1252 3082 1278 3123; x_wconf 92' lang='lat' dir='ltr'>et</span> <span class='ocrx_word' id='word_1_370' title='bbox 1290 3089 1449 3142; x_wconf 85' lang='lat' dir='ltr'>pascuorum</span> <span class='ocrx_word' id='word_1_371' title='bbox 1462 3073 1584 3125; x_wconf 88' lang='lat' dir='ltr'>varietate</span> <span class='ocrx_word' id='word_1_372' title='bbox 1597 3081 1739 3142; x_wconf 75' lang='lat' dir='ltr'>praestans,</span> <span class='ocrx_word' id='word_1_373' title='bbox 1753 3071 1798 3122; x_wconf 86' lang='lat' dir='ltr'>scd</span> <span class='ocrx_word' id='word_1_374' title='bbox 1808 3071 1854 3124; x_wconf 83' lang='lat' dir='ltr'>cle·</span> 
     </span>
     <span class='ocr_line' id='line_1_31' title="bbox 202 3153 1856 3235; baseline 0 -26"><span class='ocrx_word' id='word_1_375' title='bbox 202 3168 228 3205; x_wconf 78' lang='lat'>3⁰</span> <span class='ocrx_word' id='word_1_376' title='bbox 244 3153 338 3228; x_wconf 83' lang='grc' dir='ltr'>ἔρημος</span> <span class='ocrx_word' id='word_1_377' title='bbox 354 3154 377 3210; x_wconf 87' lang='grc' dir='ltr'>δ’</span> <span class='ocrx_word' id='word_1_378' title='bbox 393 3154 449 3213; x_wconf 81' lang='grc' dir='ltr'>ἐστὶ</span> <span class='ocrx_word' id='word_1_379' title='bbox 467 3153 513 3212; x_wconf 89' lang='grc' dir='ltr'>καί</span> <span class='ocrx_word' id='word_1_380' title='bbox 532 3158 668 3222; x_wconf 81' lang='grc' dir='ltr'>παντελῶς</span> <span class='ocrx_word' id='word_1_381' title='bbox 685 3155 800 3229; x_wconf 69' lang='grc' dir='ltr'>ἀάατος,</span> <span class='ocrx_word' id='word_1_382' title='bbox 814 3159 863 3215; x_wconf 87' lang='grc' dir='ltr'>οὐκ</span> <span class='ocrx_word' id='word_1_383' title='bbox 881 3159 928 3214; x_wconf 73' lang='grc' dir='ltr'>ἀπ’</span> <span class='ocrx_word' id='word_1_384' title='bbox 941 3159 1026 3235; x_wconf 79' lang='grc' dir='ltr'>ἀρχῆς</span> <span class='ocrx_word' id='word_1_385' title='bbox 1071 3169 1138 3210; x_wconf 78' lang='lat' dir='ltr'>setta</span> <span class='ocrx_word' id='word_1_386' title='bbox 1153 3168 1179 3210; x_wconf 87' lang='lat' dir='ltr'>et</span> <span class='ocrx_word' id='word_1_387' title='bbox 1191 3155 1275 3209; x_wconf 89' lang='lat' dir='ltr'>nullos</span> <span class='ocrx_word' id='word_1_388' title='bbox 1291 3157 1409 3227; x_wconf 82' lang='lat' dir='ltr'>praebens</span> <span class='ocrx_word' id='word_1_389' title='bbox 1425 3175 1558 3223; x_wconf 79' lang='lat' dir='ltr'>aceessus3</span> <span class='ocrx_word' id='word_1_390' title='bbox 1578 3177 1631 3226; x_wconf 82' lang='lat' dir='ltr'>npn</span> <span class='ocrx_word' id='word_1_391' title='bbox 1645 3155 1717 3228; x_wconf 90' lang='lat' dir='ltr'>quod</span> <span class='ocrx_word' id='word_1_392' title='bbox 1731 3157 1764 3209; x_wconf 89' lang='lat' dir='ltr'>ab</span> <span class='ocrx_word' id='word_1_393' title='bbox 1781 3159 1856 3209; x_wconf 90' lang='lat' dir='ltr'>initio</span> 
     </span>
     <span class='ocr_line' id='line_1_32' title="bbox 241 3237 1857 3322; baseline -0.001 -26"><span class='ocrx_word' id='word_1_394' title='bbox 241 3240 401 3308; x_wconf 82' lang='grc' dir='ltr'>σπανίζουσα</span> <span class='ocrx_word' id='word_1_395' title='bbox 426 3247 471 3300; x_wconf 78' lang='grc' dir='ltr'>τοῦ</span> <span class='ocrx_word' id='word_1_396' title='bbox 491 3241 578 3318; x_wconf 85' lang='grc' dir='ltr'>γένους</span> <span class='ocrx_word' id='word_1_397' title='bbox 598 3245 650 3301; x_wconf 83' lang='grc' dir='ltr'>τῶν</span> <span class='ocrx_word' id='word_1_398' title='bbox 671 3242 826 3322; x_wconf 89' lang='grc' dir='ltr'>ἀνθρώπων,</span> <span class='ocrx_word' id='word_1_399' title='bbox 846 3247 906 3303; x_wconf 88' lang='grc' dir='ltr'>ἀλλ’</span> <span class='ocrx_word' id='word_1_400' title='bbox 924 3249 951 3304; x_wconf 91' lang='grc' dir='ltr'>ἐν</span> <span class='ocrx_word' id='word_1_401' title='bbox 972 3253 1025 3311; x_wconf 88' lang='grc' dir='ltr'>τοῖς</span> <span class='ocrx_word' id='word_1_402' title='bbox 1071 3245 1354 3309; x_wconf 80' lang='lat' dir='ltr'>carueritlsominibus,</span> <span class='ocrx_word' id='word_1_403' title='bbox 1367 3244 1411 3296; x_wconf 71' lang='lat' dir='ltr'>sed</span> <span class='ocrx_word' id='word_1_404' title='bbox 1423 3237 1857 3316; x_wconf 82' lang='lat' dir='ltr'>quodabintempestivopostmo-</span> 
     </span>
     <span class='ocr_line' id='line_1_33' title="bbox 241 3327 1855 3410; baseline -0.001 -27"><span class='ocrx_word' id='word_1_405' title='bbox 241 3327 347 3407; x_wconf 84' lang='grc' dir='ltr'>ὕστερον</span> <span class='ocrx_word' id='word_1_406' title='bbox 370 3327 470 3407; x_wconf 88' lang='grc' dir='ltr'>χρόνοις</span> <span class='ocrx_word' id='word_1_407' title='bbox 492 3328 521 3386; x_wconf 85' lang='grc' dir='ltr'>ἐκ</span> <span class='ocrx_word' id='word_1_408' title='bbox 542 3352 609 3395; x_wconf 89' lang='grc' dir='ltr'>τινος</span> <span class='ocrx_word' id='word_1_409' title='bbox 633 3331 779 3409; x_wconf 85' lang='grc' dir='ltr'>ἐπομύρίας</span> <span class='ocrx_word' id='word_1_410' title='bbox 799 3330 909 3410; x_wconf 87' lang='grc' dir='ltr'>ἀκαίρου</span> <span class='ocrx_word' id='word_1_411' title='bbox 927 3334 1025 3403; x_wconf 78' lang='grc' dir='ltr'>πλῆθος</span> <span class='ocrx_word' id='word_1_412' title='bbox 1071 3332 1134 3384; x_wconf 91' lang='lat' dir='ltr'>dum</span> <span class='ocrx_word' id='word_1_413' title='bbox 1147 3331 1230 3384; x_wconf 87' lang='lat' dir='ltr'>imbre</span> <span class='ocrx_word' id='word_1_414' title='bbox 1245 3349 1364 3400; x_wconf 85' lang='lat' dir='ltr'>magnam</span> <span class='ocrx_word' id='word_1_415' title='bbox 1375 3331 1573 3402; x_wconf 79' lang='lat' dir='ltr'>phalangiorum</span> <span class='ocrx_word' id='word_1_416' title='bbox 1585 3343 1611 3384; x_wconf 92' lang='lat' dir='ltr'>et</span> <span class='ocrx_word' id='word_1_417' title='bbox 1622 3331 1791 3401; x_wconf 87' lang='lat' dir='ltr'>scorpionum</span> <span class='ocrx_word' id='word_1_418' title='bbox 1803 3332 1855 3382; x_wconf 87' lang='lat' dir='ltr'>vim</span> 
     </span>
     <span class='ocr_line' id='line_1_34' title="bbox 241 3415 1856 3500; baseline -0.004 -27"><span class='ocrx_word' id='word_1_419' title='bbox 241 3415 392 3493; x_wconf 81' lang='grc' dir='ltr'>φαλαγγίων</span> <span class='ocrx_word' id='word_1_420' title='bbox 415 3416 459 3474; x_wconf 84' lang='grc' dir='ltr'>καί</span> <span class='ocrx_word' id='word_1_421' title='bbox 474 3417 607 3496; x_wconf 88' lang='grc' dir='ltr'>σκορπίων</span> <span class='ocrx_word' id='word_1_422' title='bbox 629 3417 795 3496; x_wconf 73' lang='grc' dir='ltr'>ἐξενέγκασα,</span> <span class='ocrx_word' id='word_1_423' title='bbox 838 3423 958 3480; x_wconf 59' lang='lat' dir='ltr'>&#39;saecuto</span> <span class='ocrx_word' id='word_1_424' title='bbox 973 3417 1025 3500; x_wconf 76' lang='grc' dir='ltr'>γὰρ</span> <span class='ocrx_word' id='word_1_425' title='bbox 1069 3419 1222 3489; x_wconf 81' lang='lat' dir='ltr'>procrearit.</span> <span class='ocrx_word' id='word_1_426' title='bbox 1263 3417 1337 3470; x_wconf 84' lang='lat' dir='ltr'>Adeo</span> <span class='ocrx_word' id='word_1_427' title='bbox 1349 3418 1419 3470; x_wconf 82' lang='lat' dir='ltr'>enim</span> <span class='ocrx_word' id='word_1_428' title='bbox 1434 3417 1529 3470; x_wconf 87' lang='lat' dir='ltr'>bestias</span> <span class='ocrx_word' id='word_1_429' title='bbox 1548 3416 1602 3469; x_wconf 81' lang='lat' dir='ltr'>illas</span> <span class='ocrx_word' id='word_1_430' title='bbox 1621 3417 1780 3469; x_wconf 87' lang='lat' dir='ltr'>increbuisse</span> <span class='ocrx_word' id='word_1_431' title='bbox 1792 3417 1856 3467; x_wconf 89' lang='lat' dir='ltr'>scri-</span> 
     </span>
     <span class='ocr_line' id='line_1_35' title="bbox 240 3503 1857 3586; baseline -0.002 -28"><span class='ocrx_word' id='word_1_432' title='bbox 240 3506 385 3582; x_wconf 80' lang='grc' dir='ltr'>ἱστοροῦσιν</span> <span class='ocrx_word' id='word_1_433' title='bbox 398 3504 557 3562; x_wconf 77' lang='grc' dir='ltr'>ἐπιπολάσαι</span> <span class='ocrx_word' id='word_1_434' title='bbox 573 3509 625 3561; x_wconf 86' lang='grc' dir='ltr'>τῶν</span> <span class='ocrx_word' id='word_1_435' title='bbox 640 3505 782 3582; x_wconf 78' lang='grc' dir='ltr'>εἰρημένων</span> <span class='ocrx_word' id='word_1_436' title='bbox 800 3506 895 3586; x_wconf 89' lang='grc' dir='ltr'>θηρίων</span> <span class='ocrx_word' id='word_1_437' title='bbox 913 3507 1023 3582; x_wconf 79' lang='grc' dir='ltr'>πλῆθος,</span> <span class='ocrx_word' id='word_1_438' title='bbox 1070 3507 1146 3571; x_wconf 84' lang='lat' dir='ltr'>bunt,</span> <span class='ocrx_word' id='word_1_439' title='bbox 1162 3517 1191 3559; x_wconf 90' lang='lat' dir='ltr'>ut</span> <span class='ocrx_word' id='word_1_440' title='bbox 1203 3515 1256 3558; x_wconf 88' lang='lat' dir='ltr'>tota</span> <span class='ocrx_word' id='word_1_441' title='bbox 1269 3507 1384 3576; x_wconf 89' lang='lat' dir='ltr'>primum</span> <span class='ocrx_word' id='word_1_442' title='bbox 1397 3523 1460 3574; x_wconf 88' lang='lat' dir='ltr'>gens</span> <span class='ocrx_word' id='word_1_443' title='bbox 1474 3503 1660 3578; x_wconf 87' lang='lat' dir='ltr'>communibus</span> <span class='ocrx_word' id='word_1_444' title='bbox 1672 3503 1791 3567; x_wconf 86' lang='lat' dir='ltr'>hostem,</span> <span class='ocrx_word' id='word_1_445' title='bbox 1811 3521 1857 3555; x_wconf 89' lang='lat' dir='ltr'>na-</span> 
     </span>
     <span class='ocr_line' id='line_1_36' title="bbox 194 3588 1856 3673; baseline 0.001 -35"><span class='ocrx_word' id='word_1_446' title='bbox 194 3600 219 3639; x_wconf 79' lang='lat' dir='ltr'>:tt</span> <span class='ocrx_word' id='word_1_447' title='bbox 239 3589 308 3646; x_wconf 73' lang='grc' dir='ltr'>ὥστε</span> <span class='ocrx_word' id='word_1_448' title='bbox 321 3588 379 3655; x_wconf 78' lang='grc' dir='ltr'>τοὺς</span> <span class='ocrx_word' id='word_1_449' title='bbox 392 3595 576 3657; x_wconf 78' lang='grc' dir='ltr'>κατοικοῦντας</span> <span class='ocrx_word' id='word_1_450' title='bbox 589 3590 737 3670; x_wconf 89' lang='grc' dir='ltr'>ἀνθρώπους</span> <span class='ocrx_word' id='word_1_451' title='bbox 748 3593 776 3650; x_wconf 85' lang='grc' dir='ltr'>τὸ</span> <span class='ocrx_word' id='word_1_452' title='bbox 786 3591 833 3666; x_wconf 80' lang='grc' dir='ltr'>μὲν</span> <span class='ocrx_word' id='word_1_453' title='bbox 846 3596 947 3673; x_wconf 83' lang='grc' dir='ltr'>πρῶτον</span> <span class='ocrx_word' id='word_1_454' title='bbox 959 3616 1024 3650; x_wconf 82' lang='grc' dir='ltr'>παν·</span> <span class='ocrx_word' id='word_1_455' title='bbox 1070 3604 1129 3646; x_wconf 88' lang='lat' dir='ltr'>tura</span> <span class='ocrx_word' id='word_1_456' title='bbox 1151 3592 1289 3657; x_wconf 78' lang='lat' dir='ltr'>infestum,</span> <span class='ocrx_word' id='word_1_457' title='bbox 1318 3593 1398 3643; x_wconf 89' lang='lat' dir='ltr'>armis</span> <span class='ocrx_word' id='word_1_458' title='bbox 1419 3592 1569 3644; x_wconf 86' lang='lat' dir='ltr'>interimere</span> <span class='ocrx_word' id='word_1_459' title='bbox 1592 3589 1677 3642; x_wconf 80' lang='lat' dir='ltr'>vellet.</span> <span class='ocrx_word' id='word_1_460' title='bbox 1716 3593 1751 3642; x_wconf 76' lang='lat' dir='ltr'>At</span> <span class='ocrx_word' id='word_1_461' title='bbox 1773 3606 1856 3660; x_wconf 92' lang='lat' dir='ltr'>quum</span> 
     </span>
    </p>
   </div>
   <div class='ocr_carea' id='block_1_4' title="bbox 1068 2057 1855 2133">
    <p class='ocr_par' dir='ltr' id='par_1_5' title="bbox 1068 2057 1855 2133">
     <span class='ocr_line' id='line_1_37' title="bbox 1068 2057 1855 2133; baseline 0.009 -24"><span class='ocrx_word' id='word_1_462' title='bbox 1068 2057 1171 2111; x_wconf 78' lang='lat' dir='ltr'>Idcirco</span> <span class='ocrx_word' id='word_1_463' title='bbox 1186 2060 1324 2112; x_wconf 88' lang='lat' dir='ltr'>violentius</span> <span class='ocrx_word' id='word_1_464' title='bbox 1335 2062 1467 2130; x_wconf 78' lang='lat' dir='ltr'>unguibus</span> <span class='ocrx_word' id='word_1_465' title='bbox 1488 2080 1542 2115; x_wconf 87' lang='lat' dir='ltr'>sese</span> <span class='ocrx_word' id='word_1_466' title='bbox 1555 2063 1670 2116; x_wconf 79' lang='lat' dir='ltr'>lacerans</span> <span class='ocrx_word' id='word_1_467' title='bbox 1683 2074 1796 2133; x_wconf 68' lang='lat' dir='ltr'>egrotus</span> <span class='ocrx_word' id='word_1_468' title='bbox 1810 2082 1855 2133; x_wconf 86' lang='lat' dir='ltr'>ge-</span> 
     </span>
    </p>
   </div>
   <div class='ocr_carea' id='block_1_5' title="bbox 1068 2397 1856 2471">
    <p class='ocr_par' dir='ltr' id='par_1_6' title="bbox 1068 2397 1856 2471">
     <span class='ocr_line' id='line_1_38' title="bbox 1068 2397 1856 2471; baseline 0.005 -22"><span class='ocrx_word' id='word_1_469' title='bbox 1068 2397 1132 2449; x_wconf 88' lang='lat' dir='ltr'>alios</span> <span class='ocrx_word' id='word_1_470' title='bbox 1145 2407 1268 2467; x_wconf 86' lang='lat' dir='ltr'>tanquam</span> <span class='ocrx_word' id='word_1_471' title='bbox 1280 2417 1295 2449; x_wconf 93' lang='lat' dir='ltr'>e</span> <span class='ocrx_word' id='word_1_472' title='bbox 1308 2398 1475 2451; x_wconf 77' lang='lat' dir='ltr'>multifariam</span> <span class='ocrx_word' id='word_1_473' title='bbox 1488 2398 1620 2471; x_wconf 81' lang='lat' dir='ltr'>perforato</span> <span class='ocrx_word' id='word_1_474' title='bbox 1632 2399 1704 2453; x_wconf 90' lang='lat' dir='ltr'>dolio</span> <span class='ocrx_word' id='word_1_475' title='bbox 1713 2404 1856 2454; x_wconf 88' lang='lat' dir='ltr'>scaturien-</span> 
     </span>
    </p>
   </div>
   <div class='ocr_carea' id='block_1_6' title="bbox 1069 2509 1858 2584">
    <p class='ocr_par' dir='ltr' id='par_1_7' title="bbox 1069 2509 1858 2584">
     <span class='ocr_line' id='line_1_39' title="bbox 1069 2509 1858 2584; baseline 0.005 -22"><span class='ocrx_word' id='word_1_476' title='bbox 1069 2511 1147 2574; x_wconf 85' lang='lat' dir='ltr'>tibus,</span> <span class='ocrx_word' id='word_1_477' title='bbox 1160 2512 1247 2563; x_wconf 86' lang='lat' dir='ltr'>omnis</span> <span class='ocrx_word' id='word_1_478' title='bbox 1260 2509 1434 2580; x_wconf 84' lang='lat' dir='ltr'>ablegentium</span> <span class='ocrx_word' id='word_1_479' title='bbox 1447 2530 1527 2583; x_wconf 87' lang='lat' dir='ltr'>opera</span> <span class='ocrx_word' id='word_1_480' title='bbox 1537 2512 1651 2566; x_wconf 88' lang='lat' dir='ltr'>ludatur.</span> <span class='ocrx_word' id='word_1_481' title='bbox 1690 2514 1724 2565; x_wconf 89' lang='lat' dir='ltr'>Hi</span> <span class='ocrx_word' id='word_1_482' title='bbox 1738 2532 1801 2583; x_wconf 87' lang='lat' dir='ltr'>ergo</span> <span class='ocrx_word' id='word_1_483' title='bbox 1810 2532 1858 2584; x_wconf 89' lang='lat' dir='ltr'>per</span> 
     </span>
    </p>
   </div>
   <div class='ocr_carea' id='block_1_7' title="bbox 1069 2864 1606 2935">
    <p class='ocr_par' dir='ltr' id='par_1_8' title="bbox 1069 2864 1606 2935">
     <span class='ocr_line' id='line_1_40' title="bbox 1069 2864 1606 2935; baseline 0 -18"><span class='ocrx_word' id='word_1_484' title='bbox 1069 2874 1111 2917; x_wconf 91' lang='lat' dir='ltr'>tus</span> <span class='ocrx_word' id='word_1_485' title='bbox 1127 2866 1174 2917; x_wconf 86' lang='lat' dir='ltr'>iste</span> <span class='ocrx_word' id='word_1_486' title='bbox 1188 2864 1377 2935; x_wconf 80' lang='lat' dir='ltr'>proficiscatur,</span> <span class='ocrx_word' id='word_1_487' title='bbox 1393 2864 1547 2933; x_wconf 85' lang='lat' dir='ltr'>ambiguum</span> <span class='ocrx_word' id='word_1_488' title='bbox 1558 2876 1606 2917; x_wconf 83' lang='lat' dir='ltr'>est.</span> 
     </span>
    </p>
   </div>
   <div class='ocr_carea' id='block_1_8' title="bbox 236 3751 1860 5327">
    <p class='ocr_par' dir='ltr' id='par_1_9' title="bbox 242 3751 1859 3904">
     <span class='ocr_line' id='line_1_41' title="bbox 243 3751 1859 3826; baseline -0.003 -20"><span class='ocrx_word' id='word_1_489' title='bbox 243 3773 266 3806; x_wconf 86' lang='lat' dir='ltr'>t.</span> <span class='ocrx_word' id='word_1_490' title='bbox 281 3754 473 3824; x_wconf 80' lang='grc' dir='ltr'>κυσὶ]κύμασι</span> <span class='ocrx_word' id='word_1_491' title='bbox 483 3754 688 3822; x_wconf 55' lang='lat' dir='ltr'>Gli-&amp;wls</span> <span class='ocrx_word' id='word_1_492' title='bbox 700 3757 796 3808; x_wconf 83' lang='lat' dir='ltr'>om.C.</span> <span class='ocrx_word' id='word_1_493' title='bbox 810 3755 955 3821; x_wconf 80' lang='grc' dir='ltr'>ΙΙ-θ.τάς</span> <span class='ocrx_word' id='word_1_494' title='bbox 964 3767 1025 3809; x_wconf 87' lang='lat' dir='ltr'>ante</span> <span class='ocrx_word' id='word_1_495' title='bbox 1071 3755 1208 3826; x_wconf 82' lang='grc' dir='ltr'>ἀμύνασθαι</span> <span class='ocrx_word' id='word_1_496' title='bbox 1227 3753 1272 3820; x_wconf 84' lang='grc' dir='ltr'>τὴν</span> <span class='ocrx_word' id='word_1_497' title='bbox 1295 3752 1436 3819; x_wconf 82' lang='grc' dir='ltr'>καταθολὴν</span> <span class='ocrx_word' id='word_1_498' title='bbox 1461 3757 1504 3820; x_wconf 90' lang='grc' dir='ltr'>τῆς</span> <span class='ocrx_word' id='word_1_499' title='bbox 1534 3751 1671 3824; x_wconf 80' lang='grc' dir='ltr'>ἐπιμελείας</span> <span class='ocrx_word' id='word_1_500' title='bbox 1697 3751 1859 3822; x_wconf 63' lang='grc' dir='ltr'>(ἐπιδημίας.θ</span> 
     </span>
     <span class='ocr_line' id='line_1_42' title="bbox 242 3828 1857 3904; baseline -0.001 -20"><span class='ocrx_word' id='word_1_501' title='bbox 242 3836 307 3904; x_wconf 82' lang='grc' dir='ltr'>δριμ.</span> <span class='ocrx_word' id='word_1_502' title='bbox 320 3851 375 3886; x_wconf 91' lang='lat' dir='ltr'>om.</span> <span class='ocrx_word' id='word_1_503' title='bbox 387 3837 420 3886; x_wconf 75' lang='lat' dir='ltr'>A.</span> <span class='ocrx_word' id='word_1_504' title='bbox 433 3838 492 3901; x_wconf 80' lang='lat' dir='ltr'>ll—</span> <span class='ocrx_word' id='word_1_505' title='bbox 502 3853 529 3902; x_wconf 87' lang='lat'>9.</span> <span class='ocrx_word' id='word_1_506' title='bbox 543 3828 587 3885; x_wconf 84' lang='grc' dir='ltr'>ούν</span> <span class='ocrx_word' id='word_1_507' title='bbox 598 3845 659 3886; x_wconf 89' lang='lat' dir='ltr'>ante</span> <span class='ocrx_word' id='word_1_508' title='bbox 667 3832 718 3886; x_wconf 79' lang='grc' dir='ltr'>εἴτε</span> <span class='ocrx_word' id='word_1_509' title='bbox 732 3852 786 3886; x_wconf 88' lang='lat' dir='ltr'>om.</span> <span class='ocrx_word' id='word_1_510' title='bbox 800 3836 854 3887; x_wconf 78' lang='lat' dir='ltr'>AC.</span> <span class='ocrx_word' id='word_1_511' title='bbox 1070 3835 1164 3887; x_wconf 86' lang='lat' dir='ltr'>Jacobs</span> <span class='ocrx_word' id='word_1_512' title='bbox 1175 3837 1185 3904; x_wconf 92' lang='lat'>)</span> <span class='ocrx_word' id='word_1_513' title='bbox 1196 3838 1238 3901; x_wconf 84' lang='grc' dir='ltr'>τῆς</span> <span class='ocrx_word' id='word_1_514' title='bbox 1248 3835 1431 3904; x_wconf 81' lang='grc' dir='ltr'>προειρημένης,</span> <span class='ocrx_word' id='word_1_515' title='bbox 1446 3833 1554 3896; x_wconf 76' lang='grc' dir='ltr'>ἐξέλιπον</span> <span class='ocrx_word' id='word_1_516' title='bbox 1562 3832 1606 3898; x_wconf 78' lang='grc' dir='ltr'>τὴν</span> <span class='ocrx_word' id='word_1_517' title='bbox 1616 3835 1700 3902; x_wconf 85' lang='grc' dir='ltr'>χώραν</span> <span class='ocrx_word' id='word_1_518' title='bbox 1711 3831 1751 3884; x_wconf 82' lang='grc' dir='ltr'>καί</span> <span class='ocrx_word' id='word_1_519' title='bbox 1763 3831 1857 3902; x_wconf 82' lang='grc' dir='ltr'>ἐρήμην</span> 
     </span>
    </p>

    <p class='ocr_par' dir='ltr' id='par_1_10' title="bbox 236 3911 1860 5327">
     <span class='ocr_line' id='line_1_43' title="bbox 276 3911 1860 3983; baseline -0.004 -14"><span class='ocrx_word' id='word_1_520' title='bbox 276 3916 291 3980; x_wconf 80' lang='lat' dir='ltr'>S</span> <span class='ocrx_word' id='word_1_521' title='bbox 305 3919 348 3968; x_wconf 81' lang='lat'>59.</span> <span class='ocrx_word' id='word_1_522' title='bbox 364 3915 403 3964; x_wconf 91' lang='lat' dir='ltr'>De</span> <span class='ocrx_word' id='word_1_523' title='bbox 414 3930 443 3964; x_wconf 85' lang='lat' dir='ltr'>re</span> <span class='ocrx_word' id='word_1_524' title='bbox 453 3931 477 3964; x_wconf 90' lang='lat' dir='ltr'>v.</span> <span class='ocrx_word' id='word_1_525' title='bbox 492 3913 653 3965; x_wconf 73' lang='lat' dir='ltr'>Artemidos.</span> <span class='ocrx_word' id='word_1_526' title='bbox 667 3914 684 3964; x_wconf 94' lang='lat' dir='ltr'>l.</span> <span class='ocrx_word' id='word_1_527' title='bbox 696 3914 713 3965; x_wconf 91' lang='lat' dir='ltr'>l.</span> <span class='ocrx_word' id='word_1_528' title='bbox 730 3923 756 3964; x_wconf 89' lang='lat' dir='ltr'>et</span> <span class='ocrx_word' id='word_1_529' title='bbox 770 3913 869 3966; x_wconf 86' lang='lat' dir='ltr'>Plinius</span> <span class='ocrx_word' id='word_1_530' title='bbox 881 3915 957 3978; x_wconf 86' lang='lat' dir='ltr'>VIII,</span> <span class='ocrx_word' id='word_1_531' title='bbox 970 3915 1002 3976; x_wconf 65' lang='grc' dir='ltr'>[ιθ</span> <span class='ocrx_word' id='word_1_532' title='bbox 1017 3931 1023 3967; x_wconf 81' lang='grc' dir='ltr'>ι</span> <span class='ocrx_word' id='word_1_533' title='bbox 1071 3912 1155 3965; x_wconf 86' lang='grc' dir='ltr'>εἴασαν</span> <span class='ocrx_word' id='word_1_534' title='bbox 1167 3911 1212 3978; x_wconf 81' lang='grc' dir='ltr'>τὴν</span> <span class='ocrx_word' id='word_1_535' title='bbox 1222 3913 1295 3982; x_wconf 87' lang='grc' dir='ltr'>φίλην</span> <span class='ocrx_word' id='word_1_536' title='bbox 1305 3914 1421 3983; x_wconf 88' lang='grc' dir='ltr'>πρότερον</span> <span class='ocrx_word' id='word_1_537' title='bbox 1431 3913 1473 3965; x_wconf 84' lang='grc' dir='ltr'>καλ</span> <span class='ocrx_word' id='word_1_538' title='bbox 1484 3913 1587 3983; x_wconf 81' lang='grc' dir='ltr'>πατρίδα</span> <span class='ocrx_word' id='word_1_539' title='bbox 1598 3911 1706 3982; x_wconf 86' lang='grc' dir='ltr'>ἀρίστην·</span> <span class='ocrx_word' id='word_1_540' title='bbox 1723 3911 1771 3982; x_wconf 83' lang='grc' dir='ltr'>ούχ</span> <span class='ocrx_word' id='word_1_541' title='bbox 1782 3911 1860 3982; x_wconf 83' lang='grc' dir='ltr'>ἀμαρ-</span> 
     </span>
     <span class='ocr_line' id='line_1_44' title="bbox 242 3988 1856 4062; baseline 0 -20"><span class='ocrx_word' id='word_1_542' title='bbox 242 3991 314 4042; x_wconf 79' lang='lat' dir='ltr'>(itm</span> <span class='ocrx_word' id='word_1_543' title='bbox 328 3991 493 4060; x_wconf 64' lang='grc' dir='ltr'>(ἶρτιαιιιοίςοε</span> <span class='ocrx_word' id='word_1_544' title='bbox 505 3991 643 4062; x_wconf 79' lang='lat' dir='ltr'>AEtlriopes</span> <span class='ocrx_word' id='word_1_545' title='bbox 664 3991 716 4042; x_wconf 77' lang='lat' dir='ltr'>luto</span> <span class='ocrx_word' id='word_1_546' title='bbox 729 3990 831 4043; x_wconf 82' lang='lat' dir='ltr'>deserta</span> <span class='ocrx_word' id='word_1_547' title='bbox 852 3991 920 4058; x_wconf 81' lang='lat' dir='ltr'>regio</span> <span class='ocrx_word' id='word_1_548' title='bbox 937 4004 993 4054; x_wconf 85' lang='lat' dir='ltr'>cst,</span> <span class='ocrx_word' id='word_1_549' title='bbox 1008 4013 1025 4044; x_wconf 89' lang='lat' dir='ltr'>n</span> <span class='ocrx_word' id='word_1_550' title='bbox 1070 3992 1177 4060; x_wconf 73' lang='grc' dir='ltr'>τήσομαι</span> <span class='ocrx_word' id='word_1_551' title='bbox 1191 3991 1216 4044; x_wconf 84' lang='grc' dir='ltr'>δέ</span> <span class='ocrx_word' id='word_1_552' title='bbox 1230 3991 1288 4052; x_wconf 81' lang='grc' dir='ltr'>ἴσως</span> <span class='ocrx_word' id='word_1_553' title='bbox 1301 3990 1355 4043; x_wconf 84' lang='grc' dir='ltr'>ούδὲ</span> <span class='ocrx_word' id='word_1_554' title='bbox 1369 3992 1473 4061; x_wconf 82' lang='grc' dir='ltr'>μητρίδα</span> <span class='ocrx_word' id='word_1_555' title='bbox 1487 3991 1560 4044; x_wconf 86' lang='grc' dir='ltr'>εἰπὼν</span> <span class='ocrx_word' id='word_1_556' title='bbox 1572 3988 1616 4056; x_wconf 81' lang='grc' dir='ltr'>τὴν</span> <span class='ocrx_word' id='word_1_557' title='bbox 1632 3989 1715 4056; x_wconf 70' lang='lat' dir='ltr'>uitali.</span> <span class='ocrx_word' id='word_1_558' title='bbox 1729 3994 1816 4057; x_wconf 90' lang='lat' dir='ltr'>Quam</span> <span class='ocrx_word' id='word_1_559' title='bbox 1829 3993 1856 4042; x_wconf 90' lang='lat' dir='ltr'>in</span> 
     </span>
     <span class='ocr_line' id='line_1_45' title="bbox 239 4067 1856 4140; baseline 0.002 -22"><span class='ocrx_word' id='word_1_560' title='bbox 239 4068 419 4140; x_wconf 83' lang='lat' dir='ltr'>scorpionibus</span> <span class='ocrx_word' id='word_1_561' title='bbox 438 4079 463 4119; x_wconf 81' lang='lat' dir='ltr'>et</span> <span class='ocrx_word' id='word_1_562' title='bbox 476 4068 606 4139; x_wconf 75' lang='lat' dir='ltr'>solipugis</span> <span class='ocrx_word' id='word_1_563' title='bbox 627 4081 701 4135; x_wconf 78' lang='lat' dir='ltr'>gente</span> <span class='ocrx_word' id='word_1_564' title='bbox 719 4069 835 4121; x_wconf 80' lang='lat' dir='ltr'>sublata.</span> <span class='ocrx_word' id='word_1_565' title='bbox 852 4069 1024 4138; x_wconf 81' lang='lat' dir='ltr'>Agatharchi-</span> <span class='ocrx_word' id='word_1_566' title='bbox 1069 4071 1110 4122; x_wconf 87' lang='lat' dir='ltr'>his</span> <span class='ocrx_word' id='word_1_567' title='bbox 1124 4071 1238 4122; x_wconf 84' lang='lat' dir='ltr'>AElianus</span> <span class='ocrx_word' id='word_1_568' title='bbox 1252 4070 1317 4122; x_wconf 90' lang='lat' dir='ltr'>dicit</span> <span class='ocrx_word' id='word_1_569' title='bbox 1328 4070 1422 4140; x_wconf 89' lang='grc' dir='ltr'>Ιλίμνην</span> <span class='ocrx_word' id='word_1_570' title='bbox 1436 4068 1575 4140; x_wconf 82' lang='grc' dir='ltr'>’λορρατίαν</span> <span class='ocrx_word' id='word_1_571' title='bbox 1591 4071 1600 4138; x_wconf 88' lang='lat'>(</span> <span class='ocrx_word' id='word_1_572' title='bbox 1614 4070 1653 4122; x_wconf 85' lang='lat' dir='ltr'>vel</span> <span class='ocrx_word' id='word_1_573' title='bbox 1671 4067 1796 4138; x_wconf 80' lang='grc' dir='ltr'>’λορατίαν</span> <span class='ocrx_word' id='word_1_574' title='bbox 1817 4071 1856 4122; x_wconf 83' lang='lat' dir='ltr'>scl</span> 
     </span>
     <span class='ocr_line' id='line_1_46' title="bbox 239 4146 1858 4220; baseline 0.001 -22"><span class='ocrx_word' id='word_1_575' title='bbox 239 4146 301 4199; x_wconf 89' lang='lat' dir='ltr'>dem</span> <span class='ocrx_word' id='word_1_576' title='bbox 311 4148 448 4217; x_wconf 80' lang='lat' dir='ltr'>exscripsit</span> <span class='ocrx_word' id='word_1_577' title='bbox 461 4146 577 4200; x_wconf 84' lang='lat' dir='ltr'>AElianus</span> <span class='ocrx_word' id='word_1_578' title='bbox 590 4149 624 4199; x_wconf 88' lang='lat' dir='ltr'>N.</span> <span class='ocrx_word' id='word_1_579' title='bbox 641 4151 691 4201; x_wconf 77' lang='lat' dir='ltr'>An.</span> <span class='ocrx_word' id='word_1_580' title='bbox 706 4149 794 4212; x_wconf 85' lang='lat' dir='ltr'>XVII,</span> <span class='ocrx_word' id='word_1_581' title='bbox 806 4153 850 4211; x_wconf 73' lang='lat'>40,</span> <span class='ocrx_word' id='word_1_582' title='bbox 867 4148 913 4200; x_wconf 91' lang='lat' dir='ltr'>ubi</span> <span class='ocrx_word' id='word_1_583' title='bbox 925 4159 984 4219; x_wconf 87' lang='lat' dir='ltr'>post</span> <span class='ocrx_word' id='word_1_584' title='bbox 995 4169 1025 4202; x_wconf 89' lang='lat' dir='ltr'>ea</span> <span class='ocrx_word' id='word_1_585' title='bbox 1073 4149 1186 4219; x_wconf 81' lang='grc' dir='ltr'>Ἀυράταν</span> <span class='ocrx_word' id='word_1_586' title='bbox 1198 4169 1229 4202; x_wconf 84' lang='lat' dir='ltr'>cx</span> <span class='ocrx_word' id='word_1_587' title='bbox 1240 4149 1320 4203; x_wconf 89' lang='lat' dir='ltr'>codd.</span> <span class='ocrx_word' id='word_1_588' title='bbox 1334 4167 1388 4202; x_wconf 86' lang='lat' dir='ltr'>var.</span> <span class='ocrx_word' id='word_1_589' title='bbox 1400 4148 1470 4214; x_wconf 88' lang='lat' dir='ltr'>lect.;</span> <span class='ocrx_word' id='word_1_590' title='bbox 1486 4149 1630 4220; x_wconf 76' lang='grc' dir='ltr'>’λκράθατον</span> <span class='ocrx_word' id='word_1_591' title='bbox 1642 4148 1804 4220; x_wconf 75' lang='lat' dir='ltr'>etymologia</span> <span class='ocrx_word' id='word_1_592' title='bbox 1813 4167 1858 4200; x_wconf 86' lang='lat' dir='ltr'>cu-</span> 
     </span>
     <span class='ocr_line' id='line_1_47' title="bbox 239 4225 1854 4299; baseline 0.001 -22"><span class='ocrx_word' id='word_1_593' title='bbox 239 4245 297 4295; x_wconf 79' lang='lat' dir='ltr'>quae</span> <span class='ocrx_word' id='word_1_594' title='bbox 308 4229 324 4294; x_wconf 67' lang='lat' dir='ltr'>S</span> <span class='ocrx_word' id='word_1_595' title='bbox 337 4225 370 4280; x_wconf 84' lang='lat'>50</span> <span class='ocrx_word' id='word_1_596' title='bbox 383 4228 503 4297; x_wconf 76' lang='lat' dir='ltr'>apposui,</span> <span class='ocrx_word' id='word_1_597' title='bbox 518 4229 624 4297; x_wconf 87' lang='lat' dir='ltr'>pergit:</span> <span class='ocrx_word' id='word_1_598' title='bbox 639 4227 707 4278; x_wconf 81' lang='grc' dir='ltr'>ίίατὰ</span> <span class='ocrx_word' id='word_1_599' title='bbox 722 4229 804 4297; x_wconf 84' lang='grc' dir='ltr'>μέντοι</span> <span class='ocrx_word' id='word_1_600' title='bbox 818 4227 863 4294; x_wconf 77' lang='grc' dir='ltr'>την</span> <span class='ocrx_word' id='word_1_601' title='bbox 877 4228 968 4299; x_wconf 89' lang='grc' dir='ltr'>λίμνην</span> <span class='ocrx_word' id='word_1_602' title='bbox 979 4227 1023 4294; x_wconf 78' lang='grc' dir='ltr'>τὴν</span> <span class='ocrx_word' id='word_1_603' title='bbox 1066 4227 1171 4297; x_wconf 80' lang='lat' dir='ltr'>jusdam</span> <span class='ocrx_word' id='word_1_604' title='bbox 1184 4231 1266 4296; x_wconf 89' lang='lat' dir='ltr'>gratia</span> <span class='ocrx_word' id='word_1_605' title='bbox 1280 4227 1348 4298; x_wconf 87' lang='lat' dir='ltr'>conj.</span> <span class='ocrx_word' id='word_1_606' title='bbox 1365 4228 1510 4281; x_wconf 88' lang='lat' dir='ltr'>Bocbartus</span> <span class='ocrx_word' id='word_1_607' title='bbox 1523 4229 1628 4281; x_wconf 78' lang='lat' dir='ltr'>Hieron.</span> <span class='ocrx_word' id='word_1_608' title='bbox 1644 4239 1664 4280; x_wconf 94' lang='lat' dir='ltr'>t.</span> <span class='ocrx_word' id='word_1_609' title='bbox 1678 4231 1714 4291; x_wconf 92' lang='grc' dir='ltr'>Ιί,</span> <span class='ocrx_word' id='word_1_610' title='bbox 1730 4245 1757 4298; x_wconf 89' lang='lat' dir='ltr'>p.</span> <span class='ocrx_word' id='word_1_611' title='bbox 1771 4231 1821 4289; x_wconf 71' lang='lat' dir='ltr'>Gla</span> <span class='ocrx_word' id='word_1_612' title='bbox 1833 4227 1854 4298; x_wconf 85' lang='grc'>),</span> 
     </span>
     <span class='ocr_line' id='line_1_48' title="bbox 239 4302 1854 4376; baseline 0.002 -20"><span class='ocrx_word' id='word_1_613' title='bbox 239 4303 393 4374; x_wconf 77' lang='grc' dir='ltr'>καλουμένην</span> <span class='ocrx_word' id='word_1_614' title='bbox 415 4302 553 4374; x_wconf 80' lang='grc' dir='ltr'>’λορρατίαν</span> <span class='ocrx_word' id='word_1_615' title='bbox 569 4309 580 4373; x_wconf 92' lang='grc'>(</span> <span class='ocrx_word' id='word_1_616' title='bbox 594 4305 678 4358; x_wconf 84' lang='grc' dir='ltr'>Ἰνδῶν</span> <span class='ocrx_word' id='word_1_617' title='bbox 690 4305 716 4358; x_wconf 84' lang='grc' dir='ltr'>δὲ</span> <span class='ocrx_word' id='word_1_618' title='bbox 730 4307 776 4376; x_wconf 80' lang='grc' dir='ltr'>ἀρα</span> <span class='ocrx_word' id='word_1_619' title='bbox 790 4307 831 4358; x_wconf 85' lang='grc' dir='ltr'>καί</span> <span class='ocrx_word' id='word_1_620' title='bbox 843 4307 903 4373; x_wconf 81' lang='grc' dir='ltr'>κύτη</span> <span class='ocrx_word' id='word_1_621' title='bbox 918 4309 1023 4375; x_wconf 83' lang='grc' dir='ltr'>πλησίον</span> <span class='ocrx_word' id='word_1_622' title='bbox 1071 4308 1141 4360; x_wconf 88' lang='lat' dir='ltr'>haud</span> <span class='ocrx_word' id='word_1_623' title='bbox 1160 4307 1240 4360; x_wconf 90' lang='lat' dir='ltr'>dubie</span> <span class='ocrx_word' id='word_1_624' title='bbox 1254 4307 1360 4376; x_wconf 78' lang='lat' dir='ltr'>intelligi</span> <span class='ocrx_word' id='word_1_625' title='bbox 1377 4307 1459 4360; x_wconf 83' lang='lat' dir='ltr'>voluit</span> <span class='ocrx_word' id='word_1_626' title='bbox 1473 4307 1631 4360; x_wconf 89' lang='lat' dir='ltr'>hodiernum</span> <span class='ocrx_word' id='word_1_627' title='bbox 1650 4309 1739 4358; x_wconf 78' lang='lat' dir='ltr'>Tanna</span> <span class='ocrx_word' id='word_1_628' title='bbox 1758 4307 1854 4359; x_wconf 87' lang='lat' dir='ltr'>lacum.</span> 
     </span>
     <span class='ocr_line' id='line_1_49' title="bbox 239 4382 1856 4457; baseline 0.002 -24"><span class='ocrx_word' id='word_1_629' title='bbox 239 4382 290 4434; x_wconf 77' lang='grc' dir='ltr'>ἐστὶ</span> <span class='ocrx_word' id='word_1_630' title='bbox 305 4387 348 4435; x_wconf 82' lang='grc' dir='ltr'>τού</span> <span class='ocrx_word' id='word_1_631' title='bbox 366 4385 542 4454; x_wconf 69' lang='grc' dir='ltr'>προειρημένου</span> <span class='ocrx_word' id='word_1_632' title='bbox 556 4389 678 4455; x_wconf 83' lang='grc' dir='ltr'>ποταμοῦ,</span> <span class='ocrx_word' id='word_1_633' title='bbox 694 4405 730 4438; x_wconf 89' lang='lat' dir='ltr'>sc.</span> <span class='ocrx_word' id='word_1_634' title='bbox 747 4389 791 4437; x_wconf 83' lang='grc' dir='ltr'>τοῦ</span> <span class='ocrx_word' id='word_1_635' title='bbox 804 4385 970 4457; x_wconf 79' lang='grc' dir='ltr'>Ἀσταθάρου)</span> <span class='ocrx_word' id='word_1_636' title='bbox 983 4389 1024 4440; x_wconf 86' lang='grc' dir='ltr'>καὶ</span> <span class='ocrx_word' id='word_1_637' title='bbox 1069 4389 1146 4439; x_wconf 87' lang='lat' dir='ltr'>Certe</span> <span class='ocrx_word' id='word_1_638' title='bbox 1155 4388 1200 4457; x_wconf 89' lang='lat' dir='ltr'>qui</span> <span class='ocrx_word' id='word_1_639' title='bbox 1215 4385 1337 4457; x_wconf 89' lang='lat' dir='ltr'>deinceps</span> <span class='ocrx_word' id='word_1_640' title='bbox 1350 4385 1383 4439; x_wconf 86' lang='lat' dir='ltr'>ab</span> <span class='ocrx_word' id='word_1_641' title='bbox 1396 4386 1587 4455; x_wconf 74' lang='lat' dir='ltr'>Agatharchide</span> <span class='ocrx_word' id='word_1_642' title='bbox 1597 4395 1765 4438; x_wconf 87' lang='lat' dir='ltr'>recensentur</span> <span class='ocrx_word' id='word_1_643' title='bbox 1779 4387 1856 4437; x_wconf 84' lang='lat' dir='ltr'>Cuni-</span> 
     </span>
     <span class='ocr_line' id='line_1_50' title="bbox 239 4462 1856 4536; baseline 0.001 -24"><span class='ocrx_word' id='word_1_644' title='bbox 239 4467 311 4514; x_wconf 80' lang='grc' dir='ltr'>τοῦτο</span> <span class='ocrx_word' id='word_1_645' title='bbox 330 4462 374 4532; x_wconf 83' lang='grc' dir='ltr'>μὲν</span> <span class='ocrx_word' id='word_1_646' title='bbox 394 4462 422 4513; x_wconf 76' lang='grc' dir='ltr'>τί)</span> <span class='ocrx_word' id='word_1_647' title='bbox 437 4463 531 4533; x_wconf 85' lang='grc' dir='ltr'>θηρίον,</span> <span class='ocrx_word' id='word_1_648' title='bbox 550 4464 592 4515; x_wconf 79' lang='grc' dir='ltr'>τὸν</span> <span class='ocrx_word' id='word_1_649' title='bbox 607 4466 729 4529; x_wconf 84' lang='grc' dir='ltr'>κώνωπα,</span> <span class='ocrx_word' id='word_1_650' title='bbox 744 4464 912 4526; x_wconf 70' lang='grc' dir='ltr'>ἐπιπολάζειν</span> <span class='ocrx_word' id='word_1_651' title='bbox 930 4465 1023 4536; x_wconf 85' lang='grc' dir='ltr'>ἔρημον</span> <span class='ocrx_word' id='word_1_652' title='bbox 1069 4465 1149 4536; x_wconf 79' lang='lat' dir='ltr'>mtdgi</span> <span class='ocrx_word' id='word_1_653' title='bbox 1171 4467 1239 4518; x_wconf 85' lang='lat' dir='ltr'>cirea</span> <span class='ocrx_word' id='word_1_654' title='bbox 1263 4466 1335 4519; x_wconf 90' lang='lat' dir='ltr'>hune</span> <span class='ocrx_word' id='word_1_655' title='bbox 1353 4465 1438 4518; x_wconf 88' lang='lat' dir='ltr'>lacum</span> <span class='ocrx_word' id='word_1_656' title='bbox 1468 4465 1584 4536; x_wconf 89' lang='lat' dir='ltr'>ponendi</span> <span class='ocrx_word' id='word_1_657' title='bbox 1608 4475 1678 4516; x_wconf 86' lang='lat' dir='ltr'>sunt.</span> <span class='ocrx_word' id='word_1_658' title='bbox 1701 4463 1856 4517; x_wconf 70' lang='lat' dir='ltr'>protessus</span> 
     </span>
     <span class='ocr_line' id='line_1_51' title="bbox 238 4537 1856 4614; baseline 0.002 -25"><span class='ocrx_word' id='word_1_659' title='bbox 238 4539 264 4590; x_wconf 78' lang='grc' dir='ltr'>δὲ</span> <span class='ocrx_word' id='word_1_660' title='bbox 276 4539 317 4591; x_wconf 79' lang='grc' dir='ltr'>καί</span> <span class='ocrx_word' id='word_1_661' title='bbox 327 4537 392 4592; x_wconf 84' lang='grc' dir='ltr'>εἶναι</span> <span class='ocrx_word' id='word_1_662' title='bbox 404 4540 447 4593; x_wconf 82' lang='grc' dir='ltr'>τδν</span> <span class='ocrx_word' id='word_1_663' title='bbox 460 4547 543 4612; x_wconf 86' lang='grc' dir='ltr'>χῶρον</span> <span class='ocrx_word' id='word_1_664' title='bbox 558 4543 599 4614; x_wconf 82' lang='grc' dir='ltr'>καί</span> <span class='ocrx_word' id='word_1_665' title='bbox 614 4542 752 4595; x_wconf 84' lang='grc' dir='ltr'>καλεῖσθαι.</span> <span class='ocrx_word' id='word_1_666' title='bbox 764 4541 815 4608; x_wconf 77' lang='grc' dir='ltr'>Τὴν</span> <span class='ocrx_word' id='word_1_667' title='bbox 830 4543 856 4596; x_wconf 81' lang='grc' dir='ltr'>δὲ</span> <span class='ocrx_word' id='word_1_668' title='bbox 867 4543 946 4595; x_wconf 88' lang='grc' dir='ltr'>αίτίαν</span> <span class='ocrx_word' id='word_1_669' title='bbox 961 4544 1023 4597; x_wconf 83' lang='grc' dir='ltr'>ἐκεί·</span> <span class='ocrx_word' id='word_1_670' title='bbox 1068 4547 1117 4607; x_wconf 85' lang='lat' dir='ltr'>IV,</span> <span class='ocrx_word' id='word_1_671' title='bbox 1134 4564 1149 4614; x_wconf 91' lang='lat'>7</span> <span class='ocrx_word' id='word_1_672' title='bbox 1164 4546 1191 4597; x_wconf 88' lang='lat' dir='ltr'>in</span> <span class='ocrx_word' id='word_1_673' title='bbox 1210 4545 1261 4597; x_wconf 92' lang='lat' dir='ltr'>hoc</span> <span class='ocrx_word' id='word_1_674' title='bbox 1285 4545 1337 4597; x_wconf 84' lang='lat' dir='ltr'>lere</span> <span class='ocrx_word' id='word_1_675' title='bbox 1353 4554 1438 4598; x_wconf 86' lang='lat' dir='ltr'>tractu</span> <span class='ocrx_word' id='word_1_676' title='bbox 1454 4555 1582 4597; x_wconf 88' lang='lat' dir='ltr'>memorat</span> <span class='ocrx_word' id='word_1_677' title='bbox 1600 4544 1733 4614; x_wconf 78' lang='grc' dir='ltr'>Σαύορίδας</span> <span class='ocrx_word' id='word_1_678' title='bbox 1753 4543 1792 4594; x_wconf 78' lang='grc' dir='ltr'>κοί</span> <span class='ocrx_word' id='word_1_679' title='bbox 1806 4543 1856 4593; x_wconf 70' lang='lat' dir='ltr'>En·</span> 
     </span>
     <span class='ocr_line' id='line_1_52' title="bbox 238 4615 1854 4694; baseline 0.003 -27"><span class='ocrx_word' id='word_1_680' title='bbox 238 4638 282 4684; x_wconf 83' lang='grc' dir='ltr'>νην</span> <span class='ocrx_word' id='word_1_681' title='bbox 298 4615 373 4670; x_wconf 85' lang='grc' dir='ltr'>Ἰνδοί</span> <span class='ocrx_word' id='word_1_682' title='bbox 385 4638 457 4689; x_wconf 89' lang='grc' dir='ltr'>φασιν</span> <span class='ocrx_word' id='word_1_683' title='bbox 478 4620 502 4673; x_wconf 85' lang='lat' dir='ltr'>ol</span> <span class='ocrx_word' id='word_1_684' title='bbox 521 4619 803 4692; x_wconf 67' lang='grc' dir='ltr'>κύκλωπεριοικούντες,</span> <span class='ocrx_word' id='word_1_685' title='bbox 820 4622 863 4674; x_wconf 87' lang='grc' dir='ltr'>τδν</span> <span class='ocrx_word' id='word_1_686' title='bbox 878 4629 960 4693; x_wconf 84' lang='grc' dir='ltr'>χῶρον</span> <span class='ocrx_word' id='word_1_687' title='bbox 979 4625 1022 4678; x_wconf 79' lang='grc' dir='ltr'>τὸν</span> <span class='ocrx_word' id='word_1_688' title='bbox 1069 4625 1165 4693; x_wconf 70' lang='grc' dir='ltr'>όθφδας,</span> <span class='ocrx_word' id='word_1_689' title='bbox 1175 4635 1277 4692; x_wconf 80' lang='lat' dir='ltr'>gentem</span> <span class='ocrx_word' id='word_1_690' title='bbox 1287 4625 1471 4694; x_wconf 84' lang='lat' dir='ltr'>AEtbiopicam.</span> <span class='ocrx_word' id='word_1_691' title='bbox 1486 4625 1496 4692; x_wconf 77' lang='lat' dir='ltr'>ll</span> <span class='ocrx_word' id='word_1_692' title='bbox 1508 4624 1595 4676; x_wconf 86' lang='lat'>-15.</span> <span class='ocrx_word' id='word_1_693' title='bbox 1607 4617 1833 4694; x_wconf 86' lang='grc' dir='ltr'>τετραγνάθους</span> <span class='ocrx_word' id='word_1_694' title='bbox 1849 4626 1854 4692; x_wconf 74' lang='lat'>1</span> 
     </span>
     <span class='ocr_line' id='line_1_53' title="bbox 237 4697 1856 4774; baseline 0.002 -26"><span class='ocrx_word' id='word_1_695' title='bbox 237 4700 411 4768; x_wconf 78' lang='grc' dir='ltr'>προειρημένον</span> <span class='ocrx_word' id='word_1_696' title='bbox 423 4697 467 4751; x_wconf 86' lang='grc' dir='ltr'>ούκ</span> <span class='ocrx_word' id='word_1_697' title='bbox 482 4699 576 4753; x_wconf 80' lang='grc' dir='ltr'>ἀνωθεν</span> <span class='ocrx_word' id='word_1_698' title='bbox 587 4698 643 4752; x_wconf 70' lang='lat' dir='ltr'>stet</span> <span class='ocrx_word' id='word_1_699' title='bbox 659 4699 683 4762; x_wconf 75' lang='grc' dir='ltr'>ἐξ</span> <span class='ocrx_word' id='word_1_700' title='bbox 695 4699 773 4770; x_wconf 83' lang='grc' dir='ltr'>ἀρχῆς</span> <span class='ocrx_word' id='word_1_701' title='bbox 783 4701 876 4771; x_wconf 82' lang='grc' dir='ltr'>άγονον</span> <span class='ocrx_word' id='word_1_702' title='bbox 888 4700 1023 4773; x_wconf 79' lang='grc' dir='ltr'>ἀνθρώπων</span> <span class='ocrx_word' id='word_1_703' title='bbox 1068 4703 1167 4756; x_wconf 86' lang='lat' dir='ltr'>Plinius</span> <span class='ocrx_word' id='word_1_704' title='bbox 1178 4705 1279 4766; x_wconf 81' lang='lat' dir='ltr'>XXIX,</span> <span class='ocrx_word' id='word_1_705' title='bbox 1295 4721 1329 4771; x_wconf 72' lang='lat'>27</span> <span class='ocrx_word' id='word_1_706' title='bbox 1346 4701 1410 4774; x_wconf 91' lang='lat' dir='ltr'>(ubi</span> <span class='ocrx_word' id='word_1_707' title='bbox 1425 4702 1623 4774; x_wconf 81' lang='lat' dir='ltr'>phalangiorum</span> <span class='ocrx_word' id='word_1_708' title='bbox 1638 4704 1736 4774; x_wconf 87' lang='lat' dir='ltr'>specics</span> <span class='ocrx_word' id='word_1_709' title='bbox 1749 4719 1856 4753; x_wconf 90' lang='lat' dir='ltr'>enumc-</span> 
     </span>
     <span class='ocr_line' id='line_1_54' title="bbox 237 4778 1855 4854; baseline 0.002 -25"><span class='ocrx_word' id='word_1_710' title='bbox 237 4778 363 4846; x_wconf 78' lang='grc' dir='ltr'>γενέσθαι,</span> <span class='ocrx_word' id='word_1_711' title='bbox 379 4779 507 4848; x_wconf 91' lang='grc' dir='ltr'>σκορπίους</span> <span class='ocrx_word' id='word_1_712' title='bbox 525 4779 552 4832; x_wconf 86' lang='grc' dir='ltr'>δέ</span> <span class='ocrx_word' id='word_1_713' title='bbox 572 4779 719 4833; x_wconf 86' lang='grc' dir='ltr'>ἐπιπολάσαι</span> <span class='ocrx_word' id='word_1_714' title='bbox 736 4778 830 4846; x_wconf 82' lang='grc' dir='ltr'>πλῆθος</span> <span class='ocrx_word' id='word_1_715' title='bbox 850 4779 960 4850; x_wconf 86' lang='grc' dir='ltr'>άμαχον,</span> <span class='ocrx_word' id='word_1_716' title='bbox 982 4783 1023 4835; x_wconf 82' lang='grc' dir='ltr'>καί</span> <span class='ocrx_word' id='word_1_717' title='bbox 1068 4783 1144 4852; x_wconf 85' lang='lat' dir='ltr'>rat):</span> <span class='ocrx_word' id='word_1_718' title='bbox 1164 4781 1346 4848; x_wconf 80' lang='lat' dir='ltr'>Tetrngnnthii</span> <span class='ocrx_word' id='word_1_719' title='bbox 1364 4781 1517 4848; x_wconf 80' lang='lat' dir='ltr'>duogcnern</span> <span class='ocrx_word' id='word_1_720' title='bbox 1535 4783 1645 4844; x_wconf 81' lang='lat' dir='ltr'>lntbcnt,¹</span> <span class='ocrx_word' id='word_1_721' title='bbox 1657 4784 1733 4854; x_wconf 77' lang='lat' dir='ltr'>pejor</span> <span class='ocrx_word' id='word_1_722' title='bbox 1744 4779 1855 4832; x_wconf 78' lang='grc' dir='ltr'>ιιιοείίιιιιι</span> 
     </span>
     <span class='ocr_line' id='line_1_55' title="bbox 236 4856 1857 4934; baseline 0.002 -27"><span class='ocrx_word' id='word_1_723' title='bbox 236 4856 383 4927; x_wconf 77' lang='grc' dir='ltr'>φαλαγγίων</span> <span class='ocrx_word' id='word_1_724' title='bbox 395 4856 449 4908; x_wconf 77' lang='grc' dir='ltr'>τινὰ</span> <span class='ocrx_word' id='word_1_725' title='bbox 463 4856 616 4928; x_wconf 84' lang='grc' dir='ltr'>ἐπιφοιτῆσαι</span> <span class='ocrx_word' id='word_1_726' title='bbox 631 4857 719 4929; x_wconf 82' lang='grc' dir='ltr'>φορθν,</span> <span class='ocrx_word' id='word_1_727' title='bbox 734 4859 879 4931; x_wconf 87' lang='grc' dir='ltr'>φαλαγγίων</span> <span class='ocrx_word' id='word_1_728' title='bbox 896 4860 922 4913; x_wconf 86' lang='grc' dir='ltr'>δὲ</span> <span class='ocrx_word' id='word_1_729' title='bbox 942 4862 958 4912; x_wconf 82' lang='grc' dir='ltr'><strong>ἃ</strong></span> <span class='ocrx_word' id='word_1_730' title='bbox 978 4881 1022 4914; x_wconf 83' lang='grc' dir='ltr'>κα·</span> <span class='ocrx_word' id='word_1_731' title='bbox 1067 4875 1148 4934; x_wconf 82' lang='lat' dir='ltr'>capnt</span> <span class='ocrx_word' id='word_1_732' title='bbox 1160 4861 1336 4927; x_wconf 68' lang='lat' dir='ltr'>distinguente</span> <span class='ocrx_word' id='word_1_733' title='bbox 1350 4860 1417 4913; x_wconf 86' lang='lat' dir='ltr'>lineo</span> <span class='ocrx_word' id='word_1_734' title='bbox 1437 4863 1515 4924; x_wconf 80' lang='lat' dir='ltr'>alba,</span> <span class='ocrx_word' id='word_1_735' title='bbox 1538 4875 1563 4914; x_wconf 85' lang='lat' dir='ltr'>et</span> <span class='ocrx_word' id='word_1_736' title='bbox 1584 4873 1735 4914; x_wconf 79' lang='lat' dir='ltr'>trnnstnrsn</span> <span class='ocrx_word' id='word_1_737' title='bbox 1749 4859 1857 4918; x_wconf 83' lang='lat' dir='ltr'>nltrrn:</span> 
     </span>
     <span class='ocr_line' id='line_1_56' title="bbox 236 4935 1856 5012; baseline 0.002 -26"><span class='ocrx_word' id='word_1_738' title='bbox 236 4935 308 4988; x_wconf 82' lang='grc' dir='ltr'>λοῦσι</span> <span class='ocrx_word' id='word_1_739' title='bbox 328 4936 490 5007; x_wconf 82' lang='grc' dir='ltr'>τετράγναθα.</span> <span class='ocrx_word' id='word_1_740' title='bbox 505 4937 591 4990; x_wconf 82' lang='grc' dir='ltr'>Τεκείν</span> <span class='ocrx_word' id='word_1_741' title='bbox 614 4937 641 4991; x_wconf 86' lang='grc' dir='ltr'>δέ</span> <span class='ocrx_word' id='word_1_742' title='bbox 663 4938 709 5010; x_wconf 82' lang='grc' dir='ltr'>ἀρα</span> <span class='ocrx_word' id='word_1_743' title='bbox 729 4937 760 4990; x_wconf 77' lang='grc' dir='ltr'>τά</span> <span class='ocrx_word' id='word_1_744' title='bbox 780 4937 843 4991; x_wconf 84' lang='grc' dir='ltr'>κακίι</span> <span class='ocrx_word' id='word_1_745' title='bbox 861 4940 938 4992; x_wconf 81' lang='grc' dir='ltr'>ταῦτά</span> <span class='ocrx_word' id='word_1_746' title='bbox 951 4958 1022 5010; x_wconf 90' lang='grc' dir='ltr'>φασιν</span> <span class='ocrx_word' id='word_1_747' title='bbox 1068 4941 1111 4993; x_wconf 80' lang='lat' dir='ltr'>tte</span> <span class='ocrx_word' id='word_1_748' title='bbox 1124 4941 1178 4994; x_wconf 82' lang='lat' dir='ltr'>oris</span> <span class='ocrx_word' id='word_1_749' title='bbox 1193 4943 1316 4992; x_wconf 79' lang='lat' dir='ltr'>tumerem</span> <span class='ocrx_word' id='word_1_750' title='bbox 1330 4938 1415 5007; x_wconf 81' lang='lat' dir='ltr'>fucit.</span> <span class='ocrx_word' id='word_1_751' title='bbox 1437 4945 1476 4995; x_wconf 84' lang='lat' dir='ltr'>At</span> <span class='ocrx_word' id='word_1_752' title='bbox 1494 4941 1608 4994; x_wconf 80' lang='lat' dir='ltr'>cinereus</span> <span class='ocrx_word' id='word_1_753' title='bbox 1625 4939 1766 5012; x_wconf 77' lang='lat' dir='ltr'>posteriori</span> <span class='ocrx_word' id='word_1_754' title='bbox 1776 4950 1856 5011; x_wconf 80' lang='lat' dir='ltr'>parte</span> 
     </span>
     <span class='ocr_line' id='line_1_57' title="bbox 236 5015 1852 5091; baseline 0.002 -24"><span class='ocrx_word' id='word_1_755' title='bbox 236 5015 336 5086; x_wconf 76' lang='grc' dir='ltr'>ὄρθρων</span> <span class='ocrx_word' id='word_1_756' title='bbox 356 5015 484 5088; x_wconf 88' lang='grc' dir='ltr'>πονηρίαν·</span> <span class='ocrx_word' id='word_1_757' title='bbox 499 5017 541 5070; x_wconf 83' lang='grc' dir='ltr'>καλ</span> <span class='ocrx_word' id='word_1_758' title='bbox 559 5019 618 5079; x_wconf 86' lang='grc' dir='ltr'>τέως</span> <span class='ocrx_word' id='word_1_759' title='bbox 639 5017 682 5090; x_wconf 76' lang='grc' dir='ltr'>μὲν</span> <span class='ocrx_word' id='word_1_760' title='bbox 697 5017 852 5089; x_wconf 83' lang='grc' dir='ltr'>ἐγκαρτερεῖν</span> <span class='ocrx_word' id='word_1_761' title='bbox 874 5018 930 5080; x_wconf 79' lang='grc' dir='ltr'>τούς</span> <span class='ocrx_word' id='word_1_762' title='bbox 947 5018 1024 5073; x_wconf 78' lang='grc' dir='ltr'>ἐκεῖθι</span> <span class='ocrx_word' id='word_1_763' title='bbox 1068 5019 1219 5082; x_wconf 79' lang='lat' dir='ltr'>candicans,</span> <span class='ocrx_word' id='word_1_764' title='bbox 1232 5019 1334 5072; x_wconf 80' lang='lat' dir='ltr'>lentior.</span> <span class='ocrx_word' id='word_1_765' title='bbox 1351 5045 1362 5065; x_wconf 82' lang='grc' dir='ltr'>ι</span> <span class='ocrx_word' id='word_1_766' title='bbox 1374 5021 1491 5073; x_wconf 77' lang='lat' dir='ltr'>Goetzius</span> <span class='ocrx_word' id='word_1_767' title='bbox 1500 5022 1526 5072; x_wconf 92' lang='lat' dir='ltr'>in</span> <span class='ocrx_word' id='word_1_768' title='bbox 1540 5023 1608 5091; x_wconf 73' lang='lat' dir='ltr'>App.</span> <span class='ocrx_word' id='word_1_769' title='bbox 1622 5019 1654 5073; x_wconf 93' lang='lat' dir='ltr'>ad</span> <span class='ocrx_word' id='word_1_770' title='bbox 1666 5021 1764 5074; x_wconf 88' lang='lat' dir='ltr'>Ilistor.</span> <span class='ocrx_word' id='word_1_771' title='bbox 1780 5035 1852 5071; x_wconf 84' lang='lat' dir='ltr'>aran.</span> 
     </span>
     <span class='ocr_line' id='line_1_58' title="bbox 237 5094 1854 5171; baseline 0 -24"><span class='ocrx_word' id='word_1_772' title='bbox 237 5094 367 5165; x_wconf 88' lang='grc' dir='ltr'>τλημόνως</span> <span class='ocrx_word' id='word_1_773' title='bbox 383 5100 427 5149; x_wconf 84' lang='grc' dir='ltr'>τοῦ</span> <span class='ocrx_word' id='word_1_774' title='bbox 439 5099 515 5150; x_wconf 79' lang='grc' dir='ltr'>κακοῦ</span> <span class='ocrx_word' id='word_1_775' title='bbox 535 5094 580 5162; x_wconf 73' lang='grc' dir='ltr'>τὴν</span> <span class='ocrx_word' id='word_1_776' title='bbox 596 5095 738 5168; x_wconf 76' lang='grc' dir='ltr'>προσθολὴν</span> <span class='ocrx_word' id='word_1_777' title='bbox 756 5097 797 5150; x_wconf 82' lang='grc' dir='ltr'>καί</span> <span class='ocrx_word' id='word_1_778' title='bbox 810 5098 949 5168; x_wconf 86' lang='grc' dir='ltr'>φιλοπόνως</span> <span class='ocrx_word' id='word_1_779' title='bbox 963 5098 1023 5152; x_wconf 78' lang='lat' dir='ltr'>iao·</span> <span class='ocrx_word' id='word_1_780' title='bbox 1070 5099 1173 5163; x_wconf 87' lang='lat' dir='ltr'>Listeri,</span> <span class='ocrx_word' id='word_1_781' title='bbox 1186 5116 1214 5169; x_wconf 89' lang='lat' dir='ltr'>p.</span> <span class='ocrx_word' id='word_1_782' title='bbox 1224 5099 1268 5162; x_wconf 78' lang='lat'>25,</span> <span class='ocrx_word' id='word_1_783' title='bbox 1280 5097 1333 5151; x_wconf 93' lang='lat' dir='ltr'>huc</span> <span class='ocrx_word' id='word_1_784' title='bbox 1342 5097 1422 5153; x_wconf 79' lang='lat' dir='ltr'>relect</span> <span class='ocrx_word' id='word_1_785' title='bbox 1433 5099 1601 5171; x_wconf 80' lang='lat' dir='ltr'>phalangium</span> <span class='ocrx_word' id='word_1_786' title='bbox 1611 5097 1773 5163; x_wconf 85' lang='lat' dir='ltr'>arancoidcs,</span> <span class='ocrx_word' id='word_1_787' title='bbox 1782 5098 1854 5167; x_wconf 87' lang='lat' dir='ltr'>quod</span> 
     </span>
     <span class='ocr_line' id='line_1_59' title="bbox 238 5173 1850 5251; baseline 0.002 -27"><span class='ocrx_word' id='word_1_788' title='bbox 238 5175 384 5242; x_wconf 80' lang='grc' dir='ltr'>μείναντας,</span> <span class='ocrx_word' id='word_1_789' title='bbox 401 5173 453 5229; x_wconf 86' lang='grc' dir='ltr'>ἐπεί</span> <span class='ocrx_word' id='word_1_790' title='bbox 466 5176 492 5228; x_wconf 88' lang='grc' dir='ltr'>δέ</span> <span class='ocrx_word' id='word_1_791' title='bbox 503 5173 532 5242; x_wconf 73' lang='grc' dir='ltr'>ἦν</span> <span class='ocrx_word' id='word_1_792' title='bbox 549 5177 674 5238; x_wconf 84' lang='grc' dir='ltr'>παντελῶς</span> <span class='ocrx_word' id='word_1_793' title='bbox 684 5177 794 5249; x_wconf 77' lang='grc' dir='ltr'>ἄμαχον,</span> <span class='ocrx_word' id='word_1_794' title='bbox 807 5178 849 5231; x_wconf 82' lang='grc' dir='ltr'>καί</span> <span class='ocrx_word' id='word_1_795' title='bbox 860 5178 1024 5249; x_wconf 85' lang='grc' dir='ltr'>διεφθείροντο</span> <span class='ocrx_word' id='word_1_796' title='bbox 1068 5177 1228 5248; x_wconf 82' lang='lat' dir='ltr'>descriptum</span> <span class='ocrx_word' id='word_1_797' title='bbox 1241 5176 1314 5230; x_wconf 82' lang='lat' dir='ltr'>dedit</span> <span class='ocrx_word' id='word_1_798' title='bbox 1328 5178 1410 5231; x_wconf 87' lang='lat' dir='ltr'>Pallas</span> <span class='ocrx_word' id='word_1_799' title='bbox 1422 5179 1510 5251; x_wconf 90' lang='lat' dir='ltr'>Spicil.</span> <span class='ocrx_word' id='word_1_800' title='bbox 1522 5179 1588 5231; x_wconf 89' lang='lat' dir='ltr'>znol.</span> <span class='ocrx_word' id='word_1_801' title='bbox 1602 5177 1663 5231; x_wconf 82' lang='lat' dir='ltr'>lusc.</span> <span class='ocrx_word' id='word_1_802' title='bbox 1677 5179 1726 5241; x_wconf 81' lang='lat' dir='ltr'>tx,</span> <span class='ocrx_word' id='word_1_803' title='bbox 1739 5195 1766 5248; x_wconf 90' lang='lat' dir='ltr'>p.</span> <span class='ocrx_word' id='word_1_804' title='bbox 1780 5178 1822 5245; x_wconf 86' lang='lat'>37.</span> <span class='ocrx_word' id='word_1_805' title='bbox 1840 5203 1850 5222; x_wconf 77' lang='grc' dir='ltr'>ν</span> 
     </span>
     <span class='ocr_line' id='line_1_60' title="bbox 238 5251 1853 5327; baseline 0.003 -25"><span class='ocrx_word' id='word_1_806' title='bbox 238 5251 330 5320; x_wconf 58' lang='lat' dir='ltr'>filiales</span> <span class='ocrx_word' id='word_1_807' title='bbox 348 5257 438 5320; x_wconf 77' lang='grc' dir='ltr'>παῖσαι,</span> <span class='ocrx_word' id='word_1_808' title='bbox 458 5253 512 5307; x_wconf 81' lang='grc' dir='ltr'>εἶτα</span> <span class='ocrx_word' id='word_1_809' title='bbox 530 5258 612 5326; x_wconf 82' lang='grc' dir='ltr'>μέντοι</span> <span class='ocrx_word' id='word_1_810' title='bbox 634 5255 792 5319; x_wconf 81' lang='grc' dir='ltr'>τελευτῶντες</span> <span class='ocrx_word' id='word_1_811' title='bbox 809 5256 849 5310; x_wconf 88' lang='grc' dir='ltr'>ύπ’</span> <span class='ocrx_word' id='word_1_812' title='bbox 862 5256 961 5327; x_wconf 86' lang='grc' dir='ltr'>ἀπορίας</span> <span class='ocrx_word' id='word_1_813' title='bbox 981 5263 1024 5310; x_wconf 81' lang='grc' dir='ltr'>τού</span> <span class='ocrx_word' id='word_1_814' title='bbox 1069 5260 1233 5311; x_wconf 81' lang='lat' dir='ltr'>Sensmnnn.</span> <span class='ocrx_word' id='word_1_815' title='bbox 1248 5257 1280 5310; x_wconf 86' lang='lat' dir='ltr'>ad</span> <span class='ocrx_word' id='word_1_816' title='bbox 1293 5257 1385 5310; x_wconf 72' lang='lat' dir='ltr'>AElian.</span> <span class='ocrx_word' id='word_1_817' title='bbox 1402 5259 1442 5312; x_wconf 85' lang='lat' dir='ltr'>Cl&#39;.</span> <span class='ocrx_word' id='word_1_818' title='bbox 1460 5255 1597 5312; x_wconf 82' lang='lat' dir='ltr'>Salmasius</span> <span class='ocrx_word' id='word_1_819' title='bbox 1617 5257 1648 5310; x_wconf 88' lang='lat' dir='ltr'>ad</span> <span class='ocrx_word' id='word_1_820' title='bbox 1663 5256 1744 5310; x_wconf 78' lang='lat' dir='ltr'>sotio.</span> <span class='ocrx_word' id='word_1_821' title='bbox 1767 5274 1784 5326; x_wconf 90' lang='lat' dir='ltr'>p</span> <span class='ocrx_word' id='word_1_822' title='bbox 1810 5275 1853 5323; x_wconf 77' lang='lat'>5¹·</span> 
     </span>
    </p>
   </div>
   <div class='ocr_carea' id='block_1_9' title="bbox 0 0 1980 5925">
    <p class='ocr_par' dir='ltr' id='par_1_11' title="bbox 0 0 1980 5925">
     <span class='ocr_line' id='line_1_61' title="bbox 0 0 1980 5925; baseline 0 1"><span class='ocrx_word' id='word_1_823' title='bbox 0 0 1980 5925; x_wconf 95' lang='lat' dir='ltr'> </span> 
     </span>
    </p>
   </div>
  </div>
 </body>
</html>
