3950 5925
574 439 625 499 DE
646 438 834 499 utuuotttt
856 434 1209 500 Ghll'lllAGlNlENSE.
1634 449 1698 491 σιν

85 572 197 630 Cosmae
218 568 431 649 'l'opograpltia
450 570 615 629 Christiana
636 568 821 647 perduravit,
841 580 870 627 et
915 590 981 648 quae
1006 569 1085 646 apud
1105 587 1156 627 eos
1170 566 1322 625 llannonis
1339 564 1459 623 nomine
1479 563 1698 635 alteramenta

85 669 221 745 Dionysii
235 666 370 725 ἀνάπλουν
387 665 526 746 Βοσπόρου
539 667 658 724 nonnisi
669 664 775 723 ePetri
785 665 871 723 Gillii
914 666 1054 725 uberiore
1065 666 1167 741 aliquo
1176 665 1256 721 libro
1266 665 1313 739 lex
1323 667 1697 733 Hannontsoommmmrtn,

84 767 270 841 Deliosporo
285 780 375 839 opere
396 761 534 819 norimus
551 780 559 817 t
578 758 715 817 similiter
726 758 783 817 hoe
797 779 871 836 quo·
913 755 1700 838 ntPliniusaitifluxerunt,quingenninononminus

84 857 293 933 quePunicum
302 867 520 915 monumentum
530 854 561 911 in
569 853 764 931 geographico
772 854 872 931 aliquo
913 855 1070 915 disserebat
1083 875 1170 933 quam
1190 855 1228 913 ab
1247 856 1371 913 Arriano
1387 852 1698 913 Pseudoeallisthenes.

83 972 171 1029 opere
184 952 283 1009 locum
293 950 444 1009 invenisse
455 961 484 1007 et
496 948 566 1007 hinc
576 947 760 1025 depromtum
773 961 873 1026 postes
955 955 1006 1013 ³6.
1016 952 1118 1009 Graeca
1134 964 1244 1022 nostra,
1256 970 1321 1027 quae
1334 968 1410 1009 unus
1423 948 1516 1007 codex
1528 946 1701 1006 lleidelber·

83 1048 242 1123 separatim
266 1045 378 1103 editum
398 1062 462 1103 esse
480 1044 625 1121 suspioor.
646 1041 733 1121 Apud
753 1042 872 1101 Suidam
914 1050 1013 1123 gensis
1024 1046 1156 1117 exhibet,
1171 1046 1204 1103 in
1224 1045 1376 1103 nonnullis
1389 1056 1489 1121 aperte
1504 1062 1608 1102 manca
1619 1054 1699 1102 sunt.
1777 1054 1781 1060 '

83 1142 221 1199 laudatur
242 1141 360 1199 Charon
386 1138 505 1217 quidam
526 1138 792 1214 Carthaginiensis,
817 1141 872 1199 tevi
916 1142 954 1199 Ut
967 1143 1080 1199 mittam
1091 1140 1281 1199 librariorum
1295 1138 1456 1216 sphalmata
1469 1138 1602 1208 minora,
1615 1136 1701 1195 desi·

84 1238 191 1295 incerti
205 1236 376 1307 historicus,
391 1236 444 1313 qui
454 1235 722 1313 scripsissedicitur
734 1235 874 1314 τυράννους
915 1238 1056 1295 derantur
1076 1236 1222 1295 distantia
1236 1234 1387 1305 locorum,
1408 1251 1474 1309 quar
1494 1244 1561 1291 sunt
1581 1251 1600 1289 a
1613 1230 1702 1308 Thy-

83 1331 137 1389 drm
149 1334 178 1389 h
193 1336 227 1410 τῇ
245 1330 362 1409 Εὖρσίπῃ
378 1328 424 1387 καί
435 1328 510 1409 Ἀσίρ
520 1330 659 1407 pagaham,
676 1328 752 1397 Βίους
766 1329 873 1398 ίνδόξοιν
917 1333 1053 1396 miaterio
1066 1330 1103 1389 ad
1116 1330 1223 1387 Lixum
1238 1328 1379 1398 fluvium,
1402 1340 1558 1405 corruptus
1575 1346 1646 1385 vero
1658 1338 1703 1385 est

83 1429 185 1505 ἀνδρῶν
202 1429 230 1485 ἐν
242 1427 353 1504 sititor<
367 1424 400 1498 δ’,
412 1425 487 1490 Βίους
499 1426 595 1501 ὁμοίως
606 1430 735 1504 γυναικῶν
746 1430 772 1485 lv
780 1426 813 1485 δ’.
828 1428 874 1485 sd
917 1446 1058 1485 numerus
1072 1425 1204 1500 dierum,
1218 1444 1279 1500 quo
1290 1422 1392 1481 alixo
1407 1422 1444 1479 ad
1452 1421 1567 1479 Cernen
1577 1421 1701 1479 insulam

82 1523 210 1581 eundem
229 1542 306 1581 vero
334 1535 482 1580 auctorem
511 1522 663 1581 reserenda
682 1522 760 1581 haud
785 1521 875 1580 dubie
918 1524 1022 1582 lianno
1044 1521 1214 1600 pervenisse
1235 1519 1358 1579 dieitur.
1380 1517 1453 1575 Num
1468 1518 1536 1587 alia,
1559 1536 1624 1593 quae
1638 1518 1701 1593 jam

82 1630 149 1678 sunt
158 1638 228 1695 qnae
235 1636 390 1697 perperam
396 1616 524 1675 Charoni
535 1620 732 1695 Lampsaceno
743 1615 876 1675 tribuun·
917 1619 1057 1693 indagare
1076 1636 1137 1674 non
1158 1615 1254 1684 lineat,
1271 1612 1445 1685 exciderint,
1468 1613 1582 1681 neseio;
1597 1630 1703 1687 quam·

82 1726 128 1771 tur
150 1711 295 1772 Λνὸυκὰ
321 1725 350 1770 et
377 1710 558 1789 πιρίπλους
591 1714 653 1769 τῶν
687 1712 778 1777 ἐκτὸς
812 1715 874 1769 τῶν
917 1710 1319 1789 quamintantalibellorum
1334 1708 1703 1785 nostrorumeorruptione

82 1809 115 1867 'll
125 1810 233 1887 ρακλε
242 1809 301 1866 ios
317 1808 465 1878 στηλῶν.
475 1806 542 1865 dam
557 1808 621 1867 lieri
631 1808 681 1867 vix
692 1809 790 1886 potuit
800 1810 874 1883 quin
918 1809 997 1866 ultro
1006 1808 1068 1865 haee
1081 1806 1205 1883 quaestio
1218 1824 1281 1865 sese
1291 1805 1389 1863 ollert.

82 1905 203 1961 Charon
228 1902 407 1978 Carthagine
420 1904 508 1960 vitam
523 1922 611 1979 agens
632 1904 663 1961 in
684 1903 800 1981 periplo
822 1904 874 1961 illo
958 1899 1703 1976 37.Deitinerariollannonismsritimoindiversas

83 2001 233 2058 Punicum
273 1999 426 2057 Hannonis
451 2012 669 2058 monumentum
705 2000 874 2075 negligeret.
919 1999 1077 2057 sententias
1086 1998 1147 2055 viri
1156 1996 1234 2055 docti
1244 1995 1389 2054 abierunt.
1397 1994 1491 2053 Causa
1503 1995 1653 2053 dissensus
1666 2013 1704 2051 ex

83 2096 166 2155 ldenr
188 2097 297 2161 titulus
317 2096 441 2153 sortasse
449 2094 599 2170 legebatur
617 2096 704 2153 etiam
716 2096 748 2153 in
757 2094 876 2173 Ophelae
918 2107 1002 2173 parte
1009 2094 1126 2171 quidem
1139 2094 1236 2171 posita
1244 2106 1289 2151 est
1297 2092 1329 2149 in
1338 2090 1542 2150 distantiarum
1555 2090 1705 2147 notatione

85 2194 222 2268 Cyrenaei
239 2190 361 2268 Periplo
384 2189 431 2268 (v.
448 2209 544 2268 supra
559 2192 655 2266 534),
668 2209 753 2267 quem
773 2192 877 2267 quinto
919 2192 966 2249 rel
982 2209 1084 2248 manea
1096 2190 1144 2247 rel
1164 2201 1315 2265 corrupta,
1332 2188 1480 2264 praecipue
1504 2198 1599 2243 autem
1619 2202 1656 2243 ex
1668 2204 1705 2243 eo

85 2299 151 2363 post
174 2285 330 2343 Christum
350 2283 448 2342 seculo
478 2286 561 2342 novit
581 2284 676 2341 adhuc
710 2284 877 2347 liarcianus
920 2286 1012 2364 repeti
1023 2284 1126 2358 debet,
1140 2282 1219 2360 quod
1240 2302 1305 2359 quse
1316 2282 1353 2341 de
1369 2282 1462 2339 Cerne
1485 2280 1581 2339 insula
1596 2278 1704 2355 Scylax

86 2382 274 2439 lleracleota.
289 2378 464 2455 Cuiusmodi
483 2379 591 2456 peripli
613 2398 704 2455 quum
719 2398 737 2437 a
750 2398 874 2457 perpau·
920 2397 949 2441 et
963 2383 1079 2441 Plinius
1092 2395 1122 2439 et
1137 2381 1308 2439 Ptolemaeus
1317 2378 1445 2449 tradunt,
1457 2378 1509 2435 alii
1524 2396 1591 2437 eum
1605 2390 1706 2435 nostra

16 2552 28 2561 .
87 2478 128 2533 cis
155 2476 340 2550 legerentur,
363 2473 515 2531 liannonis
539 2475 654 2551 pagella
677 2474 728 2532 diu
758 2474 877 2533 latuisse
921 2479 1091 2537 narratione
1108 2477 1293 2535 conciliaturi
1307 2474 1447 2553 quadrata
1461 2473 1587 2550 jungere
1600 2485 1706 2533 rotun·

87 2572 218 2646 ridetur,
230 2584 261 2627 et
276 2571 396 2627 fortasse
415 2569 453 2627 iis
465 2569 580 2628 demum
594 2570 793 2647 temporibus,
810 2572 876 2647 qui·
921 2573 968 2631 dis
993 2574 1196 2643 instituerunt,
1216 2571 1268 2629 alii
1282 2590 1354 2627 vero
1376 2568 1529 2647 συγκρισίον
1548 2569 1633 2627 istam
1656 2568 1705 2627 vel

88 2666 141 2723 ltus
164 2666 323 2743 Byzantini
352 2664 456 2722 multos
482 2664 675 2723 obscurorum
700 2666 876 2743 scriptorum
921 2668 1043 2747 ἀκρισίαν
1058 2678 1207 2737 caventes,
1227 2666 1283 2723 iter
1302 2664 1455 2722 llannonis
1475 2662 1592 2721 nonnisi
1606 2682 1707 2740 expe-

89 2763 206 2821 lrbellos
218 2761 472 2839 geographicosin
485 2782 575 2821 unum
588 2776 738 2841 syntagma
748 2763 878 2838 college-
922 2765 1001 2842 riplo
1023 2776 1125 2821 nostro
1147 2762 1279 2840 expediri
1298 2780 1383 2838 posse
1403 2760 1565 2819 rectissime
1587 2777 1707 2817 oensue·

90 2872 167 2929 runt,
184 2858 286 2915 denuo
301 2858 331 2914 in
346 2857 439 2915 lucem
454 2870 618 2936 protractus
630 2871 683 2916 est.
696 2858 796 2933 Neque
809 2862 879 2915 Cor·
921 2872 1001 2919 runt.
1027 2859 1137 2916 llorurn
1157 2877 1212 2915 nos
1228 2857 1320 2931 legem
1342 2856 1433 2913 secuti
1457 2856 1598 2913 rationem
1623 2854 1706 2911 navi·

89 2956 182 3013 nelins
190 2954 391 3032 Neposneque
400 2955 581 3034 Pomponius
589 2954 878 3032 llelanequeStrabo
921 2955 1060 3031 gationis,
1072 2972 1158 3030 qnam
1168 2952 1260 3010 insius
1269 2951 1301 3009 in
1311 2949 1706 3028 annotationeexposuimus,

91 3070 184 3128 neque
196 3050 318 3108 Plinius
343 3062 474 3108 nostrum
491 3051 632 3128 scriptum
653 3063 808 3118 noverunt,
828 3050 878 3108 sed
923 3049 1025 3126 paucis
1043 3068 1121 3106 nunc
1131 3045 1419 3123 comprehendamus.
1492 3087 1498 3096 -

118 3323 136 3368 Α
151 3319 217 3368 frelo
229 3317 353 3368 Gaditano
367 3317 398 3368 sd
413 3317 605 3379 Thymiaterion
620 3317 629 3378 i
637 3316 769 3374 diomero)
780 3313 831 3366 dies
833 3347 1409 3367 .......................

97 3444 98 3447 ,
119 3390 221 3439 indeed
234 3389 373 3439 Soloentem
391 3390 582 3452 promontorium
596 3392 669 3451 (orep
689 3389 800 3448 contin)
803 3415 1409 3437 ........................
1471 3383 1484 3408 *

119 3461 176 3508 inde
190 3459 224 3508 sd
240 3462 353 3522 suenum
364 3461 494 3521 Junoosum
511 3461 549 3522 (in
564 3462 659 3522 rqiero
672 3456 884 3520 hodiemesnjl).
905 3493 911 3507 .
931 3493 938 3507 .
957 3473 965 3506 .-
983 3483 1409 3505 .................
1455 3462 1461 3483 ·
1532 3465 1538 3484 ·
1650 3463 1655 3482 ·

97 3578 98 3581 ,
117 3534 193 3580 Juxta
208 3543 268 3579 eum
285 3533 406 3594 usquead
418 3534 530 3583 culeum
542 3533 624 3582 tiehus
637 3530 752 3591 (spousi
753 3555 1411 3580 ..........................

98 3638 99 3641 ¹
119 3603 182 3652 iliae
194 3615 241 3664 per
254 3605 360 3664 Gytten,
374 3605 475 3660 lenm,
492 3603 626 3663 Melittam,
639 3602 762 3664 hramhyn
774 3601 804 3650 sd
816 3600 905 3650 Lixum
919 3599 1026 3660 (Aeetas
1038 3611 1059 3646 s
1077 3595 1166 3654 Droh)
1170 3626 1410 3642 ..........
1473 3591 1485 3614 ·
1670 3626 1680 3648 ,

98 3724 99 3727 ,
120 3673 178 3722 tnde
188 3673 263 3734 juxta
275 3673 397 3722 doenum
410 3671 534 3722 meridiem
546 3685 631 3722 versus
644 3671 736 3734 (usque
748 3667 779 3718 sd
793 3672 884 3719 Poiute
898 3665 1037 3730 Durrsord
1046 3669 1178 3727 snt-mque
1189 3661 1220 3712 sd
1234 3665 1289 3724 cop
1302 3660 1410 3720 dinae).
1457 3660 1485 3709 *t
1536 3668 1563 3711 ta
1610 3666 1624 3708 t
1701 3667 1702 3730 ρ

120 3742 180 3791 inde
195 3755 285 3792 versus
300 3746 381 3793 onum
393 3741 424 3792 ad
439 3745 531 3793 (temen
544 3743 590 3793 ins.
605 3744 614 3804 (
623 3741 882 3802 Hernertrpoutnr)
883 3765 1412 3790 .....................
1652 3741 1658 3760 ¹
1701 3737 1702 3740 ’

121 3813 178 3862 tnde
191 3827 237 3876 per
248 3815 402 3864 chremetem
415 3815 440 3862 ii.
456 3817 492 3876 (s.
505 3814 585 3874 leon)
598 3813 628 3862 ad
642 3813 737 3872 lacum,
750 3812 775 3862 in
787 3824 836 3873 quo
850 3813 901 3860 tres
912 3809 999 3859 insuite
1012 3811 1090 3858 cerne
1106 3807 1184 3856 insuit
1197 3805 1308 3866 maiores
1326 3837 1334 3852 .
1352 3837 1359 3852 .
1379 3837 1386 3850 .
1405 3837 1411 3850 .

120 3886 181 3934 lade
194 3885 228 3935 sd
239 3885 341 3934 linrium
353 3883 486 3933 ommdtlos
496 3887 521 3932 et
533 3883 717 3945 hippopotamos
727 3881 831 3932 alentem
846 3880 983 3944 (senegai)
986 3906 1410 3929 .................

98 3982 100 4009 2
119 3956 180 4006 inde
197 3956 272 4006 rediit
289 3958 374 4004 timon
389 3956 413 4003 in
429 3955 522 4003 Cernen
539 3951 640 4002 insulam
643 3979 1410 4002 ..............................

119 4034 138 4076 Α
150 4027 233 4075 case
244 4025 275 4076 ad
288 4029 382 4093 montes
392 4025 493 4074 silvosus
505 4025 576 4086 (cop
592 4023 664 4084 Veri)
667 4049 1411 4072 .............................

99 4132 100 4141 2
121 4095 180 4144 inde
190 4096 224 4143 sd
237 4099 334 4146 vastum
349 4097 424 4144 maris
435 4097 528 4144 hiatum
542 4094 617 4156 (ostis
632 4093 744 4142 eantttoe
757 4091 798 4154 tt.)
802 4121 1412 4142 ........................

121 4168 182 4216 lude
193 4166 226 4216 ad
240 4167 338 4228 Hesperi
350 4169 432 4215 cornu
448 4166 492 4227 (ad
509 4169 626 4226 Boeotos
636 4165 693 4214 ima.
707 4167 790 4216 ettilo
805 4163 925 4224 Grande)
929 4191 1411 4212 ...................

122 4238 181 4288 inde
191 4237 226 4286 sd
235 4239 320 4286 theon
331 4238 433 4286 ochema
445 4241 532 4298 (Mori
542 4237 645 4297 Saurea)
650 4258 1412 4286 ..............................

102 4370 104 4383 ί
122 4309 182 4360 lade
193 4308 227 4358 ad
238 4309 295 4359 Noli
306 4312 382 4358 ceras
395 4309 485 4371 (prope
497 4307 601 4358 insulam
613 4305 751 4366 sherhoro)
754 4331 1412 4356 ..........................

134 4540 168 4596 ln
178 4557 282 4616 priore
292 4536 488 4613 navigationis
496 4549 588 4614 parte,
598 4554 663 4612 quae
674 4532 809 4609 usquead
818 4531 886 4590 Cer·
930 4529 1087 4598 Gaditano,
1101 4526 1223 4586 multum
1237 4542 1389 4602 superans.
1404 4521 1560 4597 lluensque
1576 4531 1644 4578 sunt
1655 4518 1714 4577 lere

97 4657 152 4695 nen
163 4636 293 4694 insulam
309 4635 446 4712 pertinet,
459 4645 603 4690 utmanca
615 4631 746 4710 suppleri
758 4631 882 4708 possint,
931 4625 1026 4684 sexies
1038 4622 1121 4681 mille
1133 4620 1237 4689 stadia,
1250 4639 1316 4695 qnae
1328 4637 1364 4675 ex
1378 4616 1491 4690 vrtlgari
1506 4627 1641 4692 computo
1650 4613 1715 4672 elli·

95 4731 230 4810 apprime
250 4730 320 4787 facit
335 4728 426 4787 Lixus
447 4728 565 4788 lluvius.
585 4726 613 4785 ls
630 4727 720 4796 enirn,
736 4744 825 4800 quum
847 4724 887 4782 sit
930 4722 1013 4779 ciunt
1032 4717 1228 4794 navigationis
1250 4715 1314 4772 dies
1339 4711 1509 4782 duodecim3
1532 4724 1561 4768 et
1585 4723 1627 4768 tot
1651 4709 1715 4768 dies

96 4826 179 4904 μέγας
191 4823 312 4900 ποταμὸς
328 4821 381 4881 ἀπὸ
395 4826 442 4892 τῆς
456 4821 557 4891 treme
570 4820 646 4901 ῥέων,
662 4820 730 4878 inde
741 4837 826 4895 aquo
838 4817 886 4888 τὴν
930 4813 1071 4892 usquead
1083 4813 1188 4870 Lixum
1203 4811 1325 4868 liuvium
1340 4817 1530 4866 nutrierantur
1548 4805 1579 4864 in
1594 4804 1714 4881 Periplo

96 4919 201 5000 ἐρήμην
217 4919 323 4976 Hanno
331 4917 597 4996 praeternavigavit,
611 4914 747 4974 ussrtmtis
756 4911 807 4990 qui
818 4915 887 4971 ulte·
931 4910 1070 4988 Scylacis.
1080 4907 1139 4965 Nee
1145 4907 1229 4964 aliter
1240 4903 1344 4961 llanno
1358 4903 1497 4960 statuerit.
1511 4899 1612 4976 ltaque
1623 4917 1714 4974 quum

97 5018 211 5074 riorum
226 5015 358 5090 gentium
371 5014 500 5088 linguam
514 5005 885 5085 callerentinterpretihus:
931 5004 1029 5064 Solois
1045 5022 1141 5081 prom.
1156 5011 1256 5078 aperte
1269 4999 1307 5057 sit
1319 4999 1380 5073 Cap
1391 4998 1505 5067 Contio,
1520 4992 1628 5070 quoda
1640 4995 1716 5048 Mn-

97 5113 189 5188 quaeri
206 5111 343 5187 nuspiam
369 5120 464 5187 potest
485 5107 543 5164 nisi
556 5106 592 5164 ad
616 5105 744 5163 confinia
765 5104 888 5160 δαίνυντο·
932 5121 1012 5157 moro
1033 5101 1097 5157 sire
1109 5096 1135 5153 Τ
1137 5094 1311 5173 hymiaterio
1323 5093 1410 5153 distat
1433 5092 1508 5148 180⁰
1531 5087 1591 5148 sere
1604 5086 1712 5153 stadia,

98 5205 217 5276 deserti,
234 5203 286 5262 ubi
302 5223 382 5261 nunc
407 5201 468 5259 exit
485 5204 564 5256 Draa
582 5199 627 5258 vel
645 5206 748 5256 Acasse
761 5197 886 5267 lluvius,
931 5195 1084 5271 hucusque
1116 5188 1303 5268 computandi
1331 5198 1400 5246 sunt
1425 5182 1623 5259 navigationis
1651 5181 1716 5238 dies

99 5319 201 5358 etelsus
213 5297 403 5376 longitudine
419 5295 548 5373 reliquos
562 5295 692 5371 quisunt
706 5291 774 5351 inde
786 5311 802 5350 a
815 5293 888 5350 freto
934 5291 950 5348 3
968 5295 1003 5362 Ἰ,
1017 5289 1061 5347 rel
1082 5288 1180 5367 pmtius
1195 5285 1259 5344 dies
1271 5293 1304 5358 i,
1318 5282 1458 5360 quoniam
1475 5280 1572 5340 itastis
1586 5275 1716 5337 numeris
