3950 5925
628 392 679 451 nt:
703 390 908 453 tttttcmuo
931 391 1215 451 denuctat-sss.
1626 416 1722 459 cxxxi

102 526 212 601 iienip.
239 545 270 602 p.
299 525 372 593 566,
397 537 551 601 postquam
570 524 684 581 dixerat
709 524 890 599 antiquiores
936 524 962 579 ίν
981 525 1033 587 τοῖς
1056 526 1102 593 τῆς
1124 522 1294 603 Γσοιγραφίας
1316 522 1359 581 τὀν
1380 523 1519 603 περίπλουν
1551 530 1718 597 πεποιῆσθαι.

100 620 240 698 γιςείρίὺπ
265 632 412 689 auctores,
439 639 565 696 qnorum
594 619 715 675 nomina
746 630 890 687 recenset,
978 621 1047 677 218.
1067 620 1107 675 Ex
1119 620 1215 677 allatis
1232 620 1313 677 facile
1329 621 1478 695 colligitur
1496 641 1571 699 opus
1592 624 1647 681 hoc
1666 646 1724 683 uon

102 714 274 790 quibusque
285 713 416 788 legendis
436 713 490 772 diu
507 732 538 770 se
557 713 709 771 insudasse
725 711 891 785 contendit,
937 727 995 771 tam
1004 714 1115 791 justum
1127 714 1216 773 fuisse
1231 715 1438 773 Artemidoreae
1448 717 1633 795 geographiae
1647 740 1724 777 com·

102 830 162 866 rein
182 829 288 885 patum
306 821 441 865 accurate
460 821 598 865 tractasse
620 821 648 866 et
670 808 768 865 minus
784 807 892 865 instru·
939 808 1077 885 pendium
1090 830 1176 887 quam
1192 810 1339 884 periplum
1352 810 1440 867 maris
1453 812 1570 882 interni,
1586 832 1621 869 ex
1638 817 1723 873 Arte·

102 917 164 960 ctos
199 901 237 959 ad
265 900 412 976 negotium
443 902 614 970 accessisse,
641 899 737 977 pergit
760 898 839 957 hunc
861 898 892 956 in
938 904 1054 963 midoro
1067 904 1167 963 eadem
1181 906 1240 963 sere
1250 905 1361 963 ratione
1372 906 1609 984 collectum‚qua
1619 909 1725 968 Oceani

102 997 252 1054 iuodum:
280 994 467 1072 Ἀρτεμίδωρος
501 994 529 1051 δὲ
557 993 712 1072 ὁἘφέσιοι
742 992 893 1072 γεωγρᾶφθς
941 1002 1087 1079 peripium
1106 1022 1123 1060 e
1145 1002 1293 1059 Ptolemaei
1308 1014 1336 1059 et
1357 1002 1522 1076 Protagorae
1542 1004 1727 1082 geograpitiis

104 1091 241 1161 κατίετήν
263 1089 407 1160 ἑκατοστήν
434 1089 578 1160 {Eunomia
595 1088 702 1160 ἒννάτην
723 1089 894 1164 Ὀλυμπιάδα
943 1098 1106 1156 Marcianus
1124 1098 1232 1156 elicuit.
1249 1096 1389 1155 Videlicet
1403 1117 1468 1174 quae
1482 1098 1589 1155 adora
1614 1100 1727 1157 mariti-

103 1187 234 1265 γεγονὼς,
250 1188 281 1246 τὸ
289 1186 319 1246 δὲ
333 1189 456 1245 πλεῖστον
472 1187 549 1264 μέρος
561 1190 608 1257 τῆς
618 1186 687 1251 ἐντὸς
701 1186 747 1245 καὶ
759 1184 817 1242 καθ’
826 1189 896 1260 iad<
942 1213 996 1251 nrae
1003 1192 1227 1270 descriptionem
1239 1193 1417 1267 pertinerent
1427 1192 1490 1249 ioca
1496 1210 1532 1249 ex
1540 1194 1725 1251 Artemidoro

105 1282 290 1363 τυγχανούσης
306 1283 437 1352 θαλάττης
458 1281 674 1359 ἐκπεριπλεύσας,
691 1282 895 1358 isacium&
941 1290 1078 1347 assumsit
1094 1289 1192 1345 omnia
1210 1302 1239 1344 et
1257 1289 1365 1365 passim
1385 1291 1468 1345 etiam
1491 1288 1609 1346 aliunde
1627 1290 1725 1367 petitis

105 1380 152 1436 ιαὶ
167 1378 306 1450 τὴννῆσον
320 1378 354 1435 τά
368 1380 481 1456 Γάδειρα
490 1377 539 1436 καλ
550 1376 617 1457 μέρη
631 1376 688 1434 τινὰ
702 1380 748 1445 τῆς
761 1377 833 1443 ἐκτὸς
843 1383 897 1437 θα-
940 1384 1037 1459 auxit,
1063 1383 1273 1441 mediterranea
1302 1394 1395 1439 autem
1422 1382 1474 1439 vix
1501 1380 1598 1440 obiter
1619 1384 1724 1457 attigit.

106 1476 220 1545 λάττης,
242 1474 277 1545 ήν
291 1473 407 1531 ὠκεανὸν
427 1475 553 1544 ααλοῖῐοι,
564 1476 610 1543 τῆς
629 1472 677 1549 μὲν
696 1472 819 1551 cimitini<
830 1496 895 1550 γεω·
943 1477 964 1534 F
965 1490 1113 1553 magmenta
1123 1478 1221 1533 omnia
1233 1476 1268 1534 ad
1282 1477 1347 1534 ioca
1361 1476 1558 1534 maritimavei
1572 1496 1630 1533 non
1640 1477 1727 1551 longe

105 1570 410 1649 γρτφίσςλείπεται,τὸν
419 1570 446 1626 δὲ
455 1570 597 1649 περίπλουν
605 1571 728 1640 τῆςίντθς
736 1568 894 1649 Ἡρακλείου
942 1574 1046 1631 amari
1061 1572 1198 1631 distantia
1211 1572 1371 1649 pertinent,
1394 1582 1498 1647 praeter
1518 1570 1553 1627 ir.
1575 1592 1608 1627 αι
1625 1584 1653 1628 et
1672 1592 1722 1641 οε,

104 1671 225 1742 πορθμοῦ
249 1664 386 1734 θαλάσσης
404 1664 450 1721 καί
469 1663 814 1743 τήνάναμίτρησινταιίτης
829 1664 896 1741 μετὰ
942 1688 973 1746 p.
1006 1666 1080 1739 574,
1099 1666 1208 1744 quibus
1230 1666 1410 1723 Themisonii
1438 1664 1574 1741 Phrygiae
1597 1664 1728 1725 μεθίετε

105 1764 151 1827 τῆς
158 1758 347 1836 προσηκούσης
357 1757 508 1833 ἐπιμελείας
517 1758 544 1815 ἐν
552 1756 643 1817 ἕνδεκα
652 1757 768 1829 διεξῆλθε
778 1759 896 1837 βιάλίοις,
942 1762 1032 1819 maris
1047 1760 1145 1837 Caspii
1161 1761 1270 1817 mentio
1283 1761 1323 1817 stt.

104 1860 140 1921 ὡς
155 1854 325 1934 σαφέστατον
343 1856 389 1913 καὶ
413 1856 603 1935 άκριάέστατον
624 1858 765 1935 περίπλουν
780 1862 826 1929 τῆς
837 1860 896 1916 καθ’
983 1878 1054 1932 219.
1070 1856 1209 1915 Ponticus
1221 1876 1306 1915 uanis
1317 1876 1421 1915 uxrem
1431 1856 1518 1917 tibus
1532 1869 1643 1917 constat
1654 1858 1726 1917 ‹itro-

107 1956 178 2025 ήμᾶς
192 1950 349 2031 ἀναγράψαι
363 1951 539 2024 θαλάττης...
554 1950 625 2029 Ἐγὼ
634 1951 717 2011 τοίνυν
728 1952 833 2011 πάντων
844 1955 896 2010 τῶν
942 1952 1014 2027 bus,
1027 1974 1151 2031 quorum
1167 1955 1267 2031 priore
1277 1972 1401 2011 oceanus
1411 1954 1576 2024 orientalis,
1590 1954 1729 2013 occiduus

107 2046 341 2122 μιημονευθίντων
354 2046 695 2127 προαρίναςἈρτεμίδανρον
707 2045 896 2126 τὸνἘφίσιον,
942 2050 1035 2107 altero
1055 2049 1272 2108 describuntur.
1298 2047 1331 2107 In
1345 2050 1396 2107 itto
1414 2063 1479 2127 post
1492 2050 1674 2128 premissum
1692 2051 1729 2109 de

107 2143 239 2219 ἐπιτομὴν
271 2148 325 2202 τῶν
351 2144 443 2203 ἕνδεκα
471 2142 581 2222 [dietim
600 2148 647 2202 τοῦ
678 2143 898 2219 μνημονευθάνπος
944 2147 1077 2205 instituto
1089 2166 1142 2205 suo
1156 2159 1185 2203 et
1193 2146 1317 2205 ducibus
1330 2166 1405 2223 quot
1419 2159 1534 2205 secutus
1542 2148 1621 2205 sitet
1635 2149 1728 2206 causis

107 2241 287 2315 ἐποιησάμην,
303 2241 425 2319 προσθεὶς
435 2242 482 2300 καί
496 2241 522 2309 ἐξ
534 2238 629 2321 ἑτέρων
640 2242 761 2300 παλαιῶν
770 2238 803 2298 τὰ
817 2238 900 2298 [tiri-
944 2244 1092 2300 variarum
1106 2242 1136 2299 in
1159 2240 1281 2319 periplis
1292 2260 1491 2299 mensurarum
1504 2254 1532 2299 et
1543 2242 1632 2299 totius
1646 2240 1729 2299 orbis

108 2360 208 2412 ποντα,
224 2337 272 2396 καί
288 2335 337 2407 τήν
349 2337 476 2415 διαίρεσιν
485 2341 537 2396 τῶν
551 2337 586 2395 ια’
596 2336 704 2417 βιὸλίοιν
719 2334 847 2412 φυλάξας,
861 2339 900 2402 ὡς
945 2350 1086 2395 terrarum
1111 2335 1346 2395 dimensionibus
1367 2336 1461 2412 deque
1488 2336 1555 2393 aliis
1583 2336 1670 2394 rebus
1689 2338 1726 2393 ad

111 2432 220 2510 μετρίαν
253 2432 302 2508 μὲν
329 2434 508 2512 γευιγραφίαν,
529 2433 689 2493 τελειότατον
706 2434 734 2493 di
756 2433 899 2513 respiciam
944 2433 1126 2511 propositum
1163 2452 1265 2509 parum
1308 2431 1521 2509 pertinentibus
1553 2432 1728 2510 prooemium

109 2527 323 2605 ἀπεργάσασθαι.
344 2526 422 2588 ibid.
437 2531 456 2604 5
471 2537 500 2599 t,
515 2549 544 2607 p.
561 2530 617 2591 soe
634 2526 712 2599 εΤήν
733 2527 833 2587 ίκδοσιν
847 2532 898 2586 τῶν
944 2540 1046 2587 auctor
1059 2526 1095 2584 ab
1106 2526 1259 2585 AElanitico
1273 2546 1386 2584 recessu
1400 2546 1521 2585 exorsus
1539 2528 1664 2604 primum
1679 2526 1729 2583 Li·

110 2627 189 2701 τριῶν
208 2624 319 2701 peditur
333 2624 487 2703 (Menippii
506 2624 683 2701 ἐποιησάμην,
706 2626 754 2683 οὖα
768 2624 899 2705 άφελάμε-
944 2621 1012 2699 byae
1036 2640 1117 2681 orant
1150 2640 1242 2698 usque
1275 2620 1310 2678 ad
1332 2621 1452 2679 Prasum
1476 2624 1729 2699 promontorium,

109 2743 149 2787 νος
158 2724 207 2791 τῆς
215 2721 395 2799 προσηγορίας
405 2722 451 2778 τὸν
464 2721 566 2799 πατέρα
582 2720 807 2792 τούτων,οι’νδλιίς
820 2723 899 2795 ipae·
943 2716 1050 2775 deinde
1067 2714 1222 2775 Asiaticam
1245 2715 1280 2771 ad
1293 2716 1447 2773 Cottiarim
1470 2735 1579 2790 usque,
1595 2715 1729 2774 Sinarum

110 2816 152 2871 τὀν
172 2816 344 2889 μεταστήσας
360 2815 420 2880 τοὺς
439 2814 588 2895 ἀλλοτρίους
606 2816 717 2887 πόνους,
737 2813 828 2895 ὥσπερ
840 2814 898 2874 οὐδὲ
945 2808 1728 2888 ssnrium,recenset.Libet·posteriorpostprooemium

110 2916 154 2970 τοῦ
165 2920 235 2970 πᾶσι
252 2910 481 2992 πεφροντισμένως
496 2910 674 2981 ἐπεξελθόντος
692 2911 897 2992 Ἀρτεμιδώρου,
944 2906 1079 2966 exhibuit
1088 2906 1189 2964 oceani
1200 2906 1386 2966 occidentalis
1402 2919 1511 2986 partem
1524 2904 1681 2977 borealem,
1692 2904 1729 2964 ab

112 3007 180 3062 ἀλλὰ
189 3007 239 3073 τάς
253 3005 302 3082 μίν
313 3008 418 3065 ἐκείναιν
437 3007 614 3086 προσηγορίας
630 3009 778 3087 ἐπιγράψας
792 3014 846 3074 τοῖς
858 3012 897 3086 βι-
945 3003 1081 3060 Herculis
1094 3001 1239 3059 columnis
1261 3003 1324 3060 sive
1336 3022 1353 3060 a
1363 3004 1452 3080 Calpe
1462 3021 1554 3080 usque
1566 3001 1602 3060 nd
1617 3001 1729 3060 Sarma·

111 3101 204 3171 άλάοις,
219 3105 256 3165 ὡς
270 3100 303 3159 ἂν
322 3102 404 3176 μηδὲν
428 3105 465 3166 εἰς
479 3101 537 3169 τοὺς
557 3101 658 3179 λογίους
677 3101 839 3184 ἁμαρτάνειν
856 3104 898 3160 δο-
946 3098 1034 3166 tiam,
1060 3109 1089 3154 et
1110 3096 1382 3180 deincepsqpartem
1406 3100 1560 3157 australem
1589 3099 1729 3175 usquead

111 3197 184 3267 κοίην
203 3195 294 3261 θεοὺς,
310 3196 358 3262 τὰς
381 3197 409 3254 δί
428 3195 528 3256 τούτων
547 3195 673 3274 ίπιτομάς
690 3198 736 3257 καί
753 3196 900 3278 διορθώσεις
947 3191 1167 3269 iiypodromum
1187 3191 1394 3270 AEthiopieum.
1413 3193 1447 3251 lu
1462 3194 1586 3268 singuiis
1608 3195 1647 3252 ita
1669 3213 1728 3252 rem

114 3295 165 3348 τῶν
179 3294 297 3366 ἐμαυτοῦ
316 3291 494 3369 ποιησάμενος
517 3291 605 3352 πάνιον
622 3291 728 3371 ίναργλς
745 3292 898 3371 γνώρισμα,
945 3287 1112 3344 Marcianus
1124 3287 1256 3345 instituit.
1272 3289 1402 3348 Primum
1417 3288 1731 3365 finesuniuscujusque

112 3387 178 3447 ὥστε
188 3387 250 3454 τοὺς
260 3388 466 3467 ἐντυγχάνοντας
478 3389 558 3465 μηδὲν
571 3388 640 3464 μήτε
654 3392 706 3446 τῶν
716 3393 782 3469 παρ’
795 3389 899 3448 ἐκείνων
946 3382 1208 3458 regionisindicat3
1218 3395 1277 3440 tum
1287 3382 1611 3458 ut·bes‚vicos,ssuvios‚
1620 3393 1731 3440 montes

112 3482 900 3565 συγγραφάντυινμήτετιῗινπαρ’ήμῶνπροστεθίντωνήδιορ·
946 3499 1006 3536 orae
1026 3477 1193 3552 maritimae,
1217 3495 1377 3554 eorumque
1401 3475 1554 3534 distantias
1582 3488 1729 3546 πετεηνοῖς

113 3578 217 3644 θάσεως
235 3579 375 3654 ἐπιμελοῦς
385 3577 543 3645 ἀξυνθένταιν
553 3581 691 3655 ἀγνοῆσαι.
710 3580 819 3658 Peripi.
836 3601 900 3639 ma·
945 3570 1729 3649 deindequaesitiongitudoettatitudoregionisdoceu

113 3676 152 3733 ris
161 3689 223 3734 ext.
244 3674 269 3747 l,
290 3696 315 3746 1,
329 3695 361 3752 p.
376 3677 453 3732 516:
469 3673 655 3754 Ἀρτεμίδωρος
667 3679 682 3734 ὁ
696 3674 816 3755 Ἐρέσιος
828 3699 901 3754 γεω..
945 3669 1084 3746 posthaec
1095 3670 1217 3746 apponit
1232 3687 1384 3726 numerum
1402 3669 1547 3742 gentium,
1560 3667 1730 3745 provincia.

114 3769 210 3848 γράρος
236 3771 263 3826 ἐν
284 3768 376 3826 ἕνδεκα
394 3777 448 3835 τοῖς
470 3772 517 3839 τῆς
540 3769 705 3851 γςονγρορίος
727 3770 836 3850 βοὸλίοος
857 3770 900 3830 τὸν
946 3762 1730 3838 rum‚urbium‚vic01·um,montium,fluviorum,etc‚

112 3864 260 3942 espiniaco
272 3865 330 3942 (sc.
338 3868 384 3934 τῆς
395 3863 466 3930 ἐντὸς
478 3865 612 3938 θαλάσσης
622 3871 641 3944 λ,
651 3870 687 3932 ὡς
698 3864 730 3924 ἂν
741 3857 775 3937 ήν
785 3866 901 3942 μάλιστα
947 3861 980 3919 in
997 3879 1087 3918 unum
1103 3859 1233 3917 collectis
1246 3872 1274 3916 et
1288 3860 1442 3917 maritimis
1455 3871 1484 3916 et
1493 3858 1729 3930 mediterraneis3

113 3959 235 4032 δυνατὸν,
248 3957 424 4039 συνέγραψεν·
435 3961 514 4036 ἡμεῖς
525 3959 553 4017 δὲ
563 3963 616 4018 τῶν
627 3959 736 4037 βιάλίυιν
747 3959 845 4018 τούτων
855 3960 902 4028 τίς
948 3967 1095 4034 postremo
1118 3955 1183 4012 loco
1196 3951 1283 4011 habet
1296 3971 1438 4014 summam
1458 3953 1618 4012 stadiorum
1638 3971 1731 4028 (putee

111 4055 236 4133 περιττὰς
268 4060 317 4112 τοῦ
342 4055 561 4129 μνημονενθέντος
594 4055 685 4133 άνδρὸς
713 4053 900 4134 παρεκάάσεις,
948 4050 1070 4128 parapio
1082 4047 1211 4126 regionis
1225 4047 1363 4108 efficitur.
1376 4047 1443 4106 Haec
1459 4059 1594 4106 constans
1604 4047 1679 4103 ratio
1689 4059 1732 4102 est

111 4149 221 4226 προσέτι
242 4148 272 4207 δὲ
293 4148 434 4228 βαρὸάρων
457 4149 612 4215 Αἰθιοπικά(
628 4148 717 4215 πολεις
734 4149 858 4229 άφίντις,
874 4153 902 4208 ἐν
948 4147 979 4203 in
992 4145 1070 4202 libro
1080 4158 1221 4221 utroque;
1239 4157 1365 4202 ceterum
1381 4143 1515 4220 Europaei
1531 4141 1630 4199 oceani
1646 4159 1730 4217 para·

111 4251 226 4327 ἐπιτομῇ
251 4247 407 4327 σαφίστατα
428 4250 485 4324 μετ’
504 4246 630 4328 expect<
649 4251 700 4306 τῶν
715 4248 901 4328 ἐφευρεθέντων
948 4241 1015 4318 pius
1024 4259 1059 4298 eo
1071 4252 1198 4318 prestat,
1213 4239 1291 4315 quod
1305 4240 1435 4298 iocorum
1455 4237 1669 4296 maritimorum
1683 4236 1730 4292 in-

110 4344 266 4421 προρηίμης
278 4343 323 4402 τὸν
341 4344 483 4423 περίπλοον
499 4344 695 4419 ἐποιησάμεθα,
716 4347 750 4409 ὡς
762 4343 844 4419 μηδὲν
860 4348 904 4402 εν.
949 4334 1071 4392 tervaila
1079 4354 1137 4392 non
1146 4354 1205 4392 uno
1214 4334 1374 4394 stadiorum
1382 4350 1505 4390 numero
1516 4329 1725 4404 significantur,

111 4440 162 4496 δεῖν
186 4438 254 4517 πρὸς
271 4439 440 4509 τελειοτάτην
457 4438 600 4517 σαφήνειαν
619 4447 674 4504 τοῖς
695 4438 757 4513 περί
774 4443 851 4497 τοῦτο
872 4437 902 4498 τὸ
947 4431 1142 4502 sedduobus,
1155 4431 1318 4488 itascilicet
1330 4443 1361 4488 ut
1376 4449 1412 4488 ex
1430 4427 1560 4486 numeris
1570 4446 1644 4503 quus
1655 4429 1730 4485 varii

111 4534 189 4611 μέρος
199 4532 423 4613 τῆςγεωγραφίας
433 4533 618 4600 σπουδάζουσι.
626 4532 737 4604 tbid.t,
746 4534 775 4608 3,
784 4553 813 4612 p.
826 4535 899 4611 519:
945 4533 1058 4610 peripli
1068 4530 1294 4608 suppeditabant
1308 4529 1436 4600 auctori,
1446 4540 1475 4585 et
1489 4526 1632 4586 maximus
1642 4538 1670 4584 et
1682 4527 1733 4592 mi:

110 4629 164 4689 Τὸν
178 4629 228 4705 μὲν
244 4620 289 4686 οὖν
306 4627 368 4709 περί
373 4629 452 4686 τλουν
466 4631 513 4700 τῆς
525 4625 658 4698 θαλάσσης
671 4627 786 4707 ταύτης(
800 4648 841 4690 sc.
856 4633 903 4701 τῆς
949 4630 1227 4704 mmusapponatur.
1236 4623 1732 4702 Praetereaiuhacoperispartenon

112 4721 650 4801 ἐντὀςλδιλτῆςέπιτομῆςτῶνιάβιὸλίων
659 4722 901 4802 Ἀρτεμιδώρουτσδ
949 4719 1734 4800 modolongitudinemlatitudinemquesingular-umre-

111 4821 267 4900 γιαιγράφον
279 4824 353 4900 σαφάΙ
366 4819 579 4895 κατεστήσαμεν,
591 4822 625 4886 ὡς
644 4819 808 4899 προείρηται.
823 4820 900 4879 ibid.
949 4823 1068 4899 gionum
1081 4820 1211 4890 exhibet,
1228 4819 1277 4877 sed
1289 4822 1333 4888 τῆς
1349 4815 1485 4894 μεσογείας
1495 4833 1612 4892 quoque
1622 4812 1665 4869 πὀν
1682 4835 1733 4870 πε-

113 4917 150 4988 ΙΙ,
160 4940 190 4989 a,
199 4939 230 4997 p.
240 4920 298 4986 θῖνα
311 4938 318 4977 :
331 4919 388 4988 Τῆς
399 4915 451 4996 γάρ
462 4916 532 4982 ἐντὸς
540 4915 705 4995 Ἡρακλείων
717 4917 821 4988 στηλῶν
832 4915 903 4976 άπά-
951 4917 1083 4997 μυρισμὸν
1095 4919 1157 4975 sive
1167 4935 1307 4976 summam
1319 4915 1479 4972 stadiorum
1490 4930 1555 4988 quae
1564 4929 1599 4966 ex
1610 4908 1733 4984 iongitu-

114 5037 160 5085 σητ
169 5015 315 5086 θαλάσσης,
326 5013 473 5092 ὥσπερααλ
481 5012 688 5091 προειρήκαμεν,
699 5010 797 5092 άκριάῆ
806 5013 850 5070 τὸν
860 5036 904 5072 πε·
949 5013 1155 5072 dineomnium
1165 5013 1285 5070 laterum
1293 5009 1569 5067 mediterraneorum
1580 5002 1730 5063 conflatur.

116 5107 904 5188 φίπλουν[ὥςγεοίόμεθα)πεποιήμεθαένταῖςέπιτομαῖςτῶν
993 5129 1061 5167 aao.
1081 5109 1234 5184 Periptum
1249 5107 1325 5164 hunc
1339 5124 1398 5163 non
1413 5103 1552 5160 habemus
1571 5101 1732 5174 integrum,

116 5201 203 5262 ἕνδεκα
214 5205 326 5284 βιίῗλίων
343 5202 537 5284 Ἀρτεμιδώρου
548 5207 593 5261 τοῦ
603 5201 726 5282 Ἐφεσίου
737 5203 903 5284 γεωγράφου,
950 5207 1017 5276 sed,
1045 5204 1155 5262 codicis
1182 5201 1309 5260 Parisini
1329 5195 1574 5278 quauernionibus
1597 5195 1682 5252 tertio
1706 5206 1734 5250 et

117 5297 144 5355 ὃν
158 5301 294 5378 νομίζομεν
309 5307 358 5373 τῆς
378 5301 439 5358 καθ’
459 5303 530 5375 ἡμᾶς
546 5298 680 5370 θαλάσσης
699 5297 905 5374 ἐπιμελέστατον
951 5313 1031 5357 sexto
1053 5297 1225 5375 deperditis,
1248 5295 1376 5375 ἀκέφαλον
1389 5306 1417 5351 et
1440 5292 1570 5370 μείουροι.
1597 5288 1630 5347 in
1655 5289 1732 5346 libro

1599 5406 1615 5436 i·
