3950 5925
95 439 149 511 (a.)
692 440 743 498 aa
764 440 863 499 uam
887 440 1120 502 sarruano.
1658 460 1711 507 na

31 583 86 634 l‘lnt
97 573 140 625 τοῦ
149 568 261 647 σιδήρου
275 570 336 627 κατ’
345 571 444 627 ἐκεῖνον
454 568 498 626 τὸν
508 567 601 648 χρόνον
617 568 771 648 ίγνωρίσθαι
781 569 883 649 χρείαν,
928 580 1028 653 luerat)
1037 592 1063 634 ct
1072 600 1129 633 ossa
1139 582 1276 634 hominum
1287 582 1433 635 incrchbili
1443 584 1620 651 multitudiue,
1632 603 1713 655 quum

94 659 158 758 ὼῖᾶ
167 654 198 713 δὲ
210 654 359 735 ἀνθρώπων
370 656 469 714 ἄπιστα
478 659 516 735 τῷ
527 656 632 732 πλήθειν
643 657 793 732 πτωμάτων
804 657 885 737 lgm?
927 700 981 734 uon
992 684 1069 753 pauci
1082 684 1109 735 in
1120 683 1247 736 cuniculis
1264 683 1312 736 illis
1323 684 1387 736 laxis
1402 695 1427 737 ct
1441 688 1580 739 crustaceis
1592 688 1602 755 (

94 744 161 807 εἶκος
171 742 293 817 γίνεσθαι
308 745 318 819 )
333 744 381 800 οὗκ
394 743 488 820 ὀλίγων
500 745 527 800 ἐν
537 750 590 808 τοῖς
601 743 707 822 χαύνοις
719 742 765 802 καί
775 744 887 802 πλακώ-

94 832 163 885 ὂεσιν
185 829 331 905 ὑπονόμοις
343 830 501 908 γενομένων,
521 832 668 899 τηλικαῦτα
683 829 712 888 δὲ
728 831 885 910 ὀρυγμάτων

68 934 79 969 t
93 916 210 993 μεγέθη,
223 917 272 974 καὶ
284 917 445 976 διατείναντα
458 916 567 995 ,βάθεσιν
579 917 739 997 ἐπικαρσίοις
752 918 792 976 ἔπ’
804 918 886 990 αὐιὴν
988 994 994 1004 .

91 1004 139 1073 τὴν
157 1005 311 1064 θάλασσαν.
929 1004 1087 1063 Wunflffli·

131 1112 170 1149 aa.
186 1090 255 1151 Ὅτι
268 1091 342 1170 παρὰ
355 1093 403 1161 πλν
417 1094 498 1150 νότων
509 1094 556 1161 τῆς
566 1092 702 1169 Αἰγύπτου
719 1092 806 1150 κλίσιν
819 1093 882 1151 τὲσ-
965 1098 1009 1149 30.
1026 1096 1067 1149 Ad
1085 1097 1222 1150 australem
1242 1098 1347 1169 AEgypti
1373 1097 1567 1151 inclinationem
1590 1108 1715 1168 quattuor

92 1180 163 1256 ααρά
177 1183 236 1237 ἐστι
246 1181 318 1259 φῦλα
330 1179 364 1237 τά
375 1179 503 1257 μέγιστα,
513 1179 543 1237 τὸ
553 1179 601 1255 μὲν
612 1182 667 1246 τοῖς
673 1185 803 1257 ποταμοῖς
813 1204 886 1260 παρ·
928 1193 989 1234 sunt
1003 1182 1142 1235 homiuum
1151 1185 1269 1235 nationes
1284 1184 1416 1247 maximam
1432 1185 1518 1254 prima
1527 1184 1613 1237 tluriis
1622 1184 1714 1255 adjun-

94 1265 263 1342 εζευγμάνον,
279 1266 404 1343 θσπείρει
416 1265 536 1339 σήσαμον
548 1266 594 1323 καί
607 1266 730 1344 κέγχρον,
742 1266 773 1324 τὸ
785 1267 812 1325 δὲ
826 1268 886 1344 περὶ
928 1279 983 1332 cta,
993 1286 1051 1338 qum
1064 1286 1194 1321 soeamum
1207 1279 1233 1321 et
1248 1269 1349 1322 milium
1359 1271 1438 1333 serit;
1449 1270 1528 1322 altera
1537 1288 1596 1341 quae
1607 1271 1714 1342 paludes

62 1376 81 1410 ιο
93 1352 139 1418 τάς
149 1354 249 1427 λίμνας
257 1356 355 1425 οἰκοῦν,
366 1353 380 1412 θ
390 1358 436 1412 τοῦ
448 1353 571 1429 καλάμου
584 1353 629 1411 καὶ
643 1358 690 1425 τῆς
699 1353 762 1425 ttae
773 1353 885 1412 άπτεται
927 1357 1035 1421 accolit,
1056 1356 1239 1428 calamumque
1259 1366 1285 1409 ct
1304 1358 1422 1410 silvulam
1441 1360 1598 1429 teneriorem
1613 1362 1713 1430 carpit;

27 1501 28 1510 q
95 1440 275 1518 τῆςᾶπαλῆς,
289 1439 360 1497 τὸδὲ
375 1442 432 1518 εἰκῇ
446 1437 630 1515 πλανώμενον,
650 1438 756 1519 θσαρκί
773 1442 819 1498 καὶ
833 1440 885 1519 γά·
928 1447 1005 1497 tertia
1025 1462 1084 1515 quae
1106 1456 1204 1499 temere
1217 1446 1269 1498 huc
1293 1445 1353 1498 illuc
1371 1445 1490 1509 oberrat,
1504 1446 1677 1517 carnibusque
1689 1460 1714 1499 et

95 1529 174 1584 λακτι
194 1527 375 1607 παραπέμπει
388 1527 433 1586 τὸν
459 1527 527 1606 βίον,
542 1527 573 1585 ab
594 1525 622 1585 ll
641 1528 671 1585 ἐκ
690 1533 738 1600 τῆς
754 1528 887 1607 παραλίας
928 1533 994 1586 lacte
1004 1532 1323 1604 vitamuaducit;quarta
1331 1533 1557 1602 quaealittoribus
1567 1536 1645 1585 maris
1653 1552 1714 1605 prc-

96 1615 250 1693 ὁρμώμενον
263 1616 324 1684 τοὺς
337 1614 429 1695 ίχθιίας
442 1618 563 1695 ᾰγρεῦον,
928 1620 1046 1672 liciscens
1059 1620 1170 1690 piscium
1186 1620 1316 1672 venationi
1327 1618 1372 1671 dat
1386 1636 1503 1689 operam.

133 1725 172 1764 at.
184 1707 276 1765 Τοῦτο
285 1704 313 1763 δὲ
329 1705 360 1763 τὸ
371 1704 444 1783 γένος
455 1703 510 1783 ἔχει
523 1704 571 1781 μὲν
586 1703 644 1762 οὔτε
657 1703 746 1771 πόλεις
757 1703 816 1763 οὔτε
826 1705 885 1784 χὼ·
965 1709 1009 1762 tr.
1025 1709 1082 1760 IIoc
1093 1725 1174 1777 geum
1189 1726 1236 1760 nec
1248 1707 1327 1759 urbes
1336 1706 1415 1760 hahet
1431 1726 1479 1760 nec
1488 1710 1606 1777 regiones
1619 1726 1667 1759 nec
1677 1708 1715 1760 ul·

63 1814 82 1848 ts
96 1815 142 1868 ρας
155 1791 212 1850 οὔτ’
227 1794 311 1863 ἄλλης
324 1792 445 1871 ἒντίχνου
460 1793 625 1861 κατασκευῆς
638 1792 792 1871 ίπογραρὴν
809 1794 884 1849 odie·
927 1794 984 1846 lum
1003 1804 1142 1865 apparatus
1157 1792 1290 1847 artificiosi
1311 1792 1503 1858 rudimentum,
1521 1805 1559 1847 est
1573 1812 1633 1846 vero
1647 1797 1717 1847 inter

95 1879 171 1956 μίαν,
183 1879 241 1938 ἐστὶ
254 1878 343 1938 diadar
355 1879 518 1951 ὑπολοίπων,
532 1883 567 1946 ὥς
584 1878 647 1937 ίνιοί
660 1901 733 1958 ροισι,
746 1878 883 1955 μέγιστον·
928 1890 1030 1945 cetera,
1053 1890 1081 1933 ut
1102 1879 1210 1951 quidam
1229 1890 1386 1945 asseverant,
1410 1882 1571 1945 maximum
1600 1899 1660 1933 nam
1684 1881 1718 1934 ab

1615 699 1644 739 ut
1658 688 1714 740 fieri

928 787 1064 855 probabile
1086 798 1125 841 est
1145 794 1155 856 )
1179 789 1401 859 opprimerentur,
1425 800 1451 841 et
1472 800 1542 843 tanta
1565 790 1714 845 lodinaram

928 890 1097 959 magiritudo,
1120 903 1151 945 ut
1166 890 1272 962 obliqua
1293 891 1473 963 profunditate
1488 892 1521 945 ad
1542 911 1614 946 marc
1629 898 1714 965 ipsum

38 2060 87 2109 liud
96 2046 145 2117 κῆν
158 2046 188 2105 δὲ
203 2046 338 2126 χαλεπὴν,
358 2047 474 2117 σπουδὴν
488 2048 517 2106 δὲ
537 2048 672 2126 μεγίστην,
686 2053 782 2127 χρῆσιν
793 2046 820 2105 δὲ
834 2047 884 2106 avt
927 2056 1029 2109 lieulter
1040 2058 1164 2109 asservari
1176 2066 1202 2108 et
1211 2053 1327 2108 studium
1343 2054 1398 2125 ejus
1407 2072 1462 2107 esse
1472 2056 1626 2120 marimum,
1638 2074 1714 2109 usum

95 2137 176 2210 μέσον
190 2137 287 2206 ἡδονῆς
301 2135 494 2205 tenallia-qa.
513 2134 548 2194 ‘II
566 2127 669 2211 μὲνοῦν
684 2138 735 2191 τῶν
748 2135 885 2208 μετάλλων
927 2140 1041 2213 denique
1055 2144 1083 2195 in
1107 2142 1195 2194 medio
1213 2142 1353 2211 voluptatis
1375 2150 1401 2193 et
1419 2141 1580 2210 aegritudiuis
1601 2144 1715 2214 positum
1789 2174 1793 2183 ·

97 2224 197 2280 τούτων
209 2221 311 2301 εὕρεσις
322 2221 424 2302 ἀρχαία
436 2225 571 2289 παντελῶς
585 2224 666 2296 ἐστιν,
679 2225 714 2288 ὡς
724 2221 757 2279 ἂν
769 2221 820 2279 ὑπὸ
833 2222 884 2278 τῶν
928 2228 1033 2282 habere.
1047 2230 1150 2281 Horum
1159 2238 1248 2280 umen
1260 2225 1423 2279 metallorum
1436 2228 1552 2280 inventio
1563 2230 1717 2302 perantiqua
1729 2264 1732 2271 .

62 2334 84 2368 s·
96 2314 218 2369 παλαιῶν
230 2310 362 2391 βασιλέων
374 2312 588 2389 καταδειχθεῖσα.
927 2326 977 2379 est,
992 2326 1021 2367 ut
1035 2333 1093 2385 quar
1104 2316 1204 2385 priscos
1216 2314 1280 2368 olim
1293 2330 1366 2382 reges
1379 2313 1500 2367 habuerit
1514 2325 1643 2368 auctores.

133 2419 171 2458 ³⁰·
188 2398 259 2475 [hill
268 2398 296 2455 δὲ
306 2401 359 2455 τῶν
370 2401 449 2456 iffi*
460 2402 512 2455 τῶν
526 2396 716 2456 '‘“WW'W
728 2395 777 2469 ‘Il
788 2419 817 2455 τ’
832 2417 886 2452 πα·
964 2420 1008 2474 30.
1023 2422 1101 2473 Nunc
1112 2418 1145 2471 de
1156 2418 1291 2488 gentibus,
1308 2436 1366 2488 quae
1377 2436 1425 2490 per
1440 2419 1543 2473 Arabici
1556 2422 1629 2474 sinus
1641 2441 1714 2476 oram

96 2486 186 2562 ράλιον
197 2490 245 2543 τοῦ
259 2484 382 2564 ’λραίίοο
396 2486 494 2544 κολπου
508 2485 553 2543 καὶ
563 2485 793 2564 Τρωγλοδυτικὴν,
808 2483 846 2540 lar
860 2482 884 2537 δ’

97 2574 237 2631 Αἰθιοπίαν
249 2572 298 2643 τὴν
309 2573 373 2652 πρὸς
383 2573 551 2653 μεσημάρίαν
563 2574 609 2632 καλ
620 2573 695 2633 νάτον
705 2573 886 2652 πειρασόμεθα

96 2658 227 2727 διεξιέναι.

62 2771 84 2805 s.
135 2767 171 2806 αι.
195 2747 265 2828 Περὶ
275 2747 389 2826 πρέπων
402 2748 430 2807 δὲ
446 2751 498 2807 τῶν
512 2747 691 2829 Ἰχθυοφάγων
711 2750 821 2828 ἐροῦμεν
835 2751 887 2808 τῶν
965 2744 1716 2820 3t.(Cup.14).AcprimumdelchthyophagisAithio-

96 2834 287 2891 κατοικούντων
296 2834 345 2905 τὴν
357 2834 487 2913 παράλιον
496 2836 545 2907 τὴν
553 2836 606 2893 ἀπὸ
620 2837 777 2916 Καρμανίας
785 2836 831 2893 καὶ
843 2839 888 2895 Γε-
929 2837 1031 2907 pibus(
1054 2836 1100 2906 qui
1121 2834 1235 2905 piscibus
1257 2834 1435 2899 nutriuntur)
1461 2832 1597 2897 dicemus,
1622 2836 1717 2904 quibus

97 2922 208 2999 δρωσίας
219 2923 327 2990 ἕωςτιῗνν
340 2924 460 3003 ἐσχάτων
467 2930 512 2984 τοῦ
524 2930 610 3004 μυχοῦ
621 2930 667 2986 τοῦ
676 2923 745 2983 κατά
756 2927 800 2982 τὸν
808 2923 886 3004 Ἀρά-
929 2922 1062 2976 maritima
1077 2920 1209 2974 habitatur
1224 2918 1297 2987 regio
1313 2936 1330 2970 a
1342 2918 1480 2970 Carmania
1494 2929 1520 2971 et
1543 2918 1670 2973 Gedrosia
1684 2921 1716 2974 ad

98 3011 153 3068 ίιον
164 3013 265 3070 κόλπον
282 3012 437 3091 ἱδρυμένου,
457 3011 484 3080 d<
503 3015 540 3080 εἷς
552 3013 600 3083 τὴν
622 3015 757 3091 μεσόγειον
781 3012 886 3083 ἀνήκων
929 3021 1076 3063 extremum
1089 3023 1172 3077 usque
1182 3022 1313 3057 recessum
1326 3006 1398 3056 sinus
1409 3005 1530 3070 Arabici,
1543 3007 1589 3075 qui
1602 3007 1628 3058 In
1637 3008 1718 3060 medi-

99 3099 207 3156 ἄπιστον
221 3099 358 3176 διάστημα
373 3099 445 3158 δυσὶν
454 3100 571 3180 ἠπείροις
580 3101 756 3180 περικλείεται
765 3099 829 3180 πρὸς
841 3099 885 3157 τὸν
931 3109 1050 3151 terranea
1059 3093 1204 3148 incredibili
1219 3110 1302 3164 prope
1312 3093 1397 3163 spatio
1411 3109 1565 3157 excurrens,
1577 3093 1609 3146 ad
1622 3097 1718 3147 ostium

64 3207 86 3243 Μ,
100 3187 220 3261 ἔκπλουν,
241 3188 401 3268 ἡμὲνῦπὸ
423 3193 470 3259 τῆς
485 3189 637 3264 εὐδαίμονος
653 3188 793 3269 Ἀραρὼς,
815 3187 886 3267 τῇδ’
930 3206 947 3239 a
966 3185 1070 3238 duabus
1094 3181 1307 3245 continentibus,
1331 3179 1393 3232 hinc
1410 3180 1507 3233 Arabia
1533 3180 1622 3244 felice,
1647 3183 1718 3235 illinc

928 2536 954 2578 et
966 2543 1014 2596 per
1023 2522 1236 2594 Troglodyticam
1250 2522 1462 2595 AEthiopiamque
1474 2522 1507 2575 ad
1526 2536 1643 2578 austrum
1656 2539 1717 2581 sunt

928 2636 1047 2701 dittusae,
1058 2636 1202 2687 narrationi
1214 2633 1331 2687 studium
1347 2632 1538 2705 impendemus.

1610 3299 1706 3308 ——u-n

102 3373 153 3406 om.
171 3357 204 3407 B.
219 3356 232 3423 ΙΙ
247 3355 407 3425 -χριιαίοις
424 3358 458 3408 A.
481 3356 493 3424 ll
506 3385 543 3396 —
556 3355 649 3425 prima]
670 3355 752 3424 μήπου
774 3357 804 3407 C.
822 3355 833 3422 ΙΙ
849 3385 885 3395 -
934 3353 1004 3422 (III,
1025 3350 1076 3420 iro)
1091 3360 1116 3402 et
1130 3346 1329 3402 Artemidorum
1342 3346 1584 3413 Strabonis(XVI,
1597 3365 1624 3417 p.
1638 3351 1717 3418 770).

105 3434 117 3482 l
139 3433 269 3504 γίνεσθαι]
289 3434 384 3504 γίνεται
398 3435 430 3487 C.
449 3434 460 3502 ΙΙ
473 3463 510 3474 -
521 3439 547 3497 4.
567 3435 705 3504 γινομένων
725 3433 816 3530 codd.;
831 3451 883 3484 cur.
934 3431 977 3484 Ab
991 3430 1032 3482 his
1045 3430 1123 3498 igitur
1134 3427 1224 3497 Libyae
1232 3425 1435 3555 Ichthyophaqis
1448 3424 1581 3495 proiectus
1595 3427 1720 3494 Agathar-

104 3512 210 3564 Belker.
933 3507 1024 3561 chides
1045 3505 1189 3560 narrationi
1206 3505 1301 3558 intexit
1321 3521 1380 3574 quae
1421 3521 1436 3556 ο
1459 3504 1578 3556 Asiaticis
1598 3504 1720 3576 Ichthyo-

135 3586 204 3647 5302
218 3583 260 3635 ¹3·
275 3581 345 3653 ἶχίῦς
357 3583 388 3635 C·
406 3584 445 3635 De
459 3599 489 3634 Ν
499 3581 535 3634 cf·
550 3581 661 3635 Dl0d0t·
685 3584 734 3647 III,
751 3585 777 3644 Β,
794 3585 821 3645 6,
841 3581 887 3633 ubl
933 3588 1024 3660 phagis
1037 3585 1071 3639 ab
1085 3586 1179 3638 intimo
1191 3585 1264 3636 sinus
1279 3583 1383 3637 Arabici
1397 3601 1500 3636 recessu
1512 3583 1640 3654 usquead
1658 3587 1721 3638 Car·

102 3660 191 3712 eadem
205 3662 265 3713 vitae
288 3679 383 3730 genera
403 3671 574 3714 recensentur
588 3679 619 3714 ex
639 3659 839 3735 Agatharchidis
856 3659 890 3711 de
933 3668 1048 3718 maniam
1060 3675 1085 3718 et
1094 3663 1249 3718 Gedrosiam
1257 3663 1352 3734 passim
1361 3661 1538 3714 habitantibus
1548 3676 1718 3734 compererat.

101 3741 160 3803 Asia
166 3739 236 3792 libro
245 3739 373 3804 secundo,
382 3741 409 3792 in
421 3740 519 3810 quode
529 3740 697 3811 AEthiopibus
707 3743 811 3794 Meroes
823 3748 890 3790 cete·
934 3745 1039 3812 Quibus
1051 3742 1185 3808 absolutis,
1199 3741 1233 3794 ad
1242 3741 1416 3795 Asricaeoram
1432 3741 1536 3793 rediens
1546 3741 1671 3813 iilumque
1681 3745 1721 3798 in.

101 3815 274 3886 usquehujus
280 3827 379 3871 tractus
387 3817 493 3889 populis
503 3819 618 3872 breviter
624 3830 716 3872 auctor
723 3827 888 3888 exposuerat·
936 3833 1084 3894 tenuptum
1091 3839 1236 3886 resumens,
1246 3821 1271 3892 (5
1280 3819 1323 3891 50)
1335 3819 1396 3890 μετὰ
1405 3820 1461 3881 aab<
1473 3818 1648 3892 Ἰχθυοφάγους
1657 3825 1721 3893 παρὰ

133 3899 149 3962 §
168 3898 212 3949 31.
230 3897 343 3951 Photius
356 3908 382 3950 et
398 3897 533 3951 Diodorus
552 3896 773 3966 Agatharchidem
792 3898 828 3948 ita
845 3915 890 3948 ea·
937 3904 980 3956 τ“ον
1001 3901 1147 3971 ’λαταθάραν
1166 3899 1278 3968 ποταμὸν
1291 3899 1472 3970 Rhizophagos
1490 3899 1606 3954 habitare
1624 3915 1719 3957 narrat.

99 3985 268 4043 ffll‘fflssls
291 3986 320 4028 ul
337 3986 504 4046 ²¹¹⁰10fP⁰⁵t
524 3978 680 4047 Pf⁰¹¹¹l⁵⁵³m
701 3976 891 4046 expositionem
936 3981 1121 4036 Artemidorus
1130 3978 1219 4032 denuo
1226 3979 1484 4050 ichthyophagorum
1494 3981 1652 4034 mentionem
1665 3984 1722 4053 inji-

98 4051 132 4102 de
152 4053 259 4123 populis
277 4055 325 4123 qui
344 4073 359 4106 a
381 4053 492 4106 meridie
510 4055 614 4126 AEgypti
632 4065 705 4120 sunt,
729 4055 840 4123 abrupte
858 4052 892 4105 ed
936 4063 972 4113 cit
982 4063 1010 4113 in
1022 4077 1054 4112 eo
1065 4069 1151 4112 tractu
1160 4060 1206 4128 qui
1218 4059 1252 4110 ab
1270 4059 1395 4110 Eumenis
1406 4068 1485 4128 portu
1501 4058 1625 4127 usquead
1640 4061 1720 4114 Dircn

98 4131 313 4204 ichthyophagos
329 4133 458 4185 Asiaticos
477 4135 611 4186 transiisse
631 4133 713 4186 videri
733 4132 836 4185 debeat.
858 4137 893 4184 At
935 4140 1058 4210 pertinet,
1069 4148 1148 4207 atque
1157 4136 1207 4189 hac
1216 4137 1352 4188 occasione
1365 4135 1398 4188 dc
1413 4133 1621 4204 vitaejusgentis
1630 4136 1720 4192 eadem

96 4229 151 4262 mm
165 4222 220 4263 tam
238 4209 384 4264 absurdum
397 4213 425 4264 in
438 4211 547 4265 modum
559 4231 616 4265 rem
628 4211 834 4282 Agatharchides
852 4213 893 4263 in·
935 4218 1025 4288 paucis
1036 4227 1135 4280 narrat,
1147 4234 1206 4286 quae
1221 4215 1302 4268 fusius
1316 4218 1342 4267 in
1356 4216 1451 4268 nostris
1463 4215 1590 4284 excerptis
1601 4214 1723 4283 leguntur

93 4291 191 4342 stituit.
219 4292 253 4342 In
269 4290 422 4342 universum
441 4292 618 4344 narrationem
637 4291 673 4346 ita
696 4289 840 4353 distribuit,
865 4301 892 4342 ut
936 4295 1134 4362 §31-38.Idenr
1143 4293 1239 4348 deinde
1248 4293 1353 4365 subjicit
1361 4311 1420 4365 quae
1429 4291 1634 4364 Agatharchides
1644 4294 1723 4348 habet

93 4369 215 4436 primum
230 4367 302 4419 dicat
311 4367 346 4420 de
357 4368 462 4440 populis
474 4370 579 4423 incultis
587 4371 634 4440 qui
643 4369 788 4440 ahAEgypti
797 4368 893 4420 linibus
936 4378 951 4442 ς
968 4378 1002 4444 47
1021 4386 1047 4426 et
1061 4379 1076 4444 s
1091 4375 1182 4438 43-45,
1195 4375 1268 4442 quasi
1283 4373 1339 4426 haec
1352 4373 1440 4425 omnia
1450 4371 1484 4424 ad
1499 4389 1582 4424 unum
1594 4373 1721 4426 eundem-

92 4445 222 4514 usquead
232 4444 319 4498 lauces
327 4448 401 4498 sinus
411 4447 771 4518 Arabicidegebant3deinde
779 4447 845 4511 loca,
859 4449 893 4499 si·
937 4470 988 4522 que
1007 4463 1119 4504 tractum
1141 4453 1320 4524 pertinerent,
1345 4468 1427 4522 quum
1446 4451 1500 4520 ipse
1518 4451 1722 4518 Agatharchides

91 4542 156 4586 nus,
167 4525 275 4588 lluvios,
284 4525 517 4578 insulasexordine
525 4538 666 4590 recenseat,
677 4529 792 4598 primum
803 4527 894 4598 Libtci
937 4529 1019 4602 probe
1032 4531 1088 4582 loca
1098 4530 1250 4599 distinguat.
1262 4531 1382 4582 Ceterum
1394 4527 1426 4579 dc
1438 4528 1639 4598 Ichthyophagis
1649 4531 1659 4597 (
1668 4534 1723 4582 Ha·

90 4603 199 4668 litoris,
225 4613 284 4656 tum
299 4621 361 4655 vero
381 4603 497 4657 Arabici.
520 4606 604 4660 Aliter
619 4606 681 4659 iecit
694 4604 892 4669 Artemidorus,
938 4610 1000 4662 remi
1012 4609 1132 4662 tribubus
1142 4609 1416 4678 >tunrAlricanistum
1424 4609 1542 4660 Asiaticis
1551 4607 1602 4659 vid.
1619 4611 1720 4662 Arrian.

91 4684 140 4750 qui
163 4701 207 4734 res
220 4683 291 4752 ipsas
304 4682 412 4752 quidem
425 4685 561 4738 arcadem
575 4685 769 4755 Agatharchide
786 4682 819 4736 acl
838 4703 895 4736 rer·
939 4688 1025 4742 Anah.
1041 4691 1090 4753 VI,
1107 4691 1150 4752 28,
1167 4689 1190 4741 5.
1205 4688 1264 4740 Ind.
1281 4707 1304 4740 c.
1320 4693 1363 4750 ati,
1379 4705 1405 4738 2.
1420 4702 1463 4754 27,
1481 4687 1506 4738 3.
1523 4703 1567 4755 ομ,
1584 4707 1609 4757 7.
1627 4690 1657 4740 31
1673 4694 1721 4751 18;

93 4761 161 4813 bum
176 4761 234 4812 sere
243 4763 420 4834 transcripsit,
435 4763 555 4817 ordinem
566 4783 629 4818 vero
646 4766 683 4817 ita
693 4765 850 4829 immutavit,
866 4774 895 4816 ut
936 4767 1032 4820 Iubam
1044 4766 1053 4838 (
1065 4768 1097 4822 fr.
1115 4769 1158 4836 39.
1174 4772 1218 4830 [να.
1235 4769 1267 4829 45
1282 4769 1290 4838 )
1305 4785 1347 4837 ap.
1362 4766 1428 4819 Plin.
1444 4767 1492 4828 VI,
1505 4771 1547 4818 26.
1561 4767 1603 4818 31.
1619 4769 1650 4826 34
1661 4789 1667 4829 ς
1679 4771 1724 4821 Pc-

95 4846 156 4888 tum
168 4857 231 4908 quae
248 4839 285 4892 ad
303 4841 469 4910 singulorum
483 4843 643 4913 populorum
657 4844 723 4894 vitas
737 4859 892 4912 moresque,
937 4845 997 4915 ripl.
1012 4864 1078 4898 mar.
1091 4846 1158 4898 liuh.
1173 4863 1200 4918 p.
1215 4846 1255 4897 15.
1271 4863 1316 4914 19;
1331 4845 1423 4897 Strabo
1435 4861 1462 4915 p.
1475 4861 1537 4914 720³
1551 4846 1618 4898 Illela
1631 4849 1678 4908 llI,
1690 4851 1720 4910 8;

98 4927 156 4968 turn
169 4937 231 4988 quae
242 4918 279 4971 ad
290 4920 392 4989 singula
402 4921 458 4974 loca
469 4922 598 4993 oppidove
609 4923 779 4994 pertinerent,
793 4923 820 4973 in
833 4940 894 4974 con·
937 4925 1005 4978 Ptol.
1023 4927 1072 4989 Vl,
1094 4944 1109 4995 7
1126 4936 1150 4978 et
1164 4927 1268 4996 passim.
1280 4927 1341 4976 Vita
1351 4941 1442 4976 eorum
1459 4925 1537 4976 etiam
1551 4943 1620 4976 nunc
1632 4925 1722 4978 caelent

99 4995 201 5048 tinuam
212 5000 374 5051 narrationis
383 5001 477 5052 scriem
492 5018 579 5070 prore
590 5010 650 5052 nata
661 5010 820 5053 contexeret.
836 5002 893 5051 Iam
937 5020 1017 5072 quam
1026 5014 1124 5056 veteres
1132 5003 1305 5056 tradiderunt.
1315 5001 1609 5064 V.NiebuhrArabiea,
1621 5021 1639 5072 p
1656 5005 1721 5066 310;

102 5093 165 5127 vero
187 5078 258 5128 inter
280 5089 372 5146 gentes
395 5097 410 5129 a
434 5080 557 5131 berenice
579 5089 606 5130 ct
626 5080 686 5131 sinu
706 5078 849 5131 immundo
869 5090 894 5130 et
937 5082 1146 5134 MorierSecond
1158 5100 1253 5152 ttoyage
1269 5084 1339 5151 l,p.
1360 5098 1412 5150 72,
1428 5080 1558 5134 Wellstcd
1578 5082 1683 5134 Trarrlr
1697 5083 1723 5135 ia

102 5154 225 5224 (lphiode
238 5157 294 5208 sire
307 5157 437 5228 Topazbn
449 5158 533 5210 insula
546 5157 681 5211 meridiem
696 5176 784 5210 versus
802 5175 895 5210 occur-
938 5161 1043 5213 Arabia
1055 5164 1097 5225 II,
1111 5179 1137 5232 p.
1152 5162 1202 5215 258
1217 5179 1287 5231 sqq.;
1301 5159 1454 5214 Wilkinson
1469 5159 1485 5211 l.
1497 5158 1515 5212 l.
1532 5177 1558 5230 p.
1572 5161 1622 5230 373
1639 5163 1723 5216 Ilittcr

105 5245 190 5285 rentes
201 5237 280 5306 primi
293 5247 468 5289 recensentur
475 5235 663 5307 Ichthyophagi
676 5236 746 5306 apud
760 5240 892 5306 Anonpn.
938 5241 1040 5309 xt1,p.
1059 5247 1107 5308 176
1120 5259 1159 5310 sq.
1175 5241 1250 5304 XIII,
1264 5258 1291 5311 p.
1306 5241 1356 5309 307
1369 5257 1426 5309 sqq.
1444 5241 1505 5303 452,
1521 5239 1574 5292 alii.
1596 5242 1606 5307 ll
1620 5271 1656 5282 -
1680 5243 1720 5294 15.

109 5313 199 5384 I‘rripl.
225 5333 292 5368 urar.
315 5315 387 5368 Rub.
412 5333 439 5386 p.
459 5331 469 5366 t
492 5326 517 5368 et
540 5315 758 5385 Agatharclridcm
782 5317 892 5368 Diodori
938 5317 1125 5388 ίιπογραρήν
1140 5318 1314 5390 οὐδεμίαν]
1331 5318 1445 5390 οὐδεμίαν
1456 5315 1638 5390 ίιπογραρὴνΒ.
1661 5321 1670 5388 ll
1688 5351 1724 5366 ..-

211 5417 292 5454 emen
314 5416 334 5452 ι.
1602 5418 1616 5458 a
