3950 5925
259 374 320 424 tao
975 370 1156 435 Anouvnt

298 521 345 562 m.
368 500 432 561 ’ast
442 504 495 561 τῶν
508 500 632 579 Διδύμων
645 503 731 573 νήσων
743 508 779 572 εις
788 505 864 565 πόλιν
875 508 1040 585 καλουμένην
1100 504 1105 513 ’
1125 520 1184 567 162.
1205 515 1363 586 ADidymis
1377 516 1468 569 insulis
1482 515 1514 570 ad
1527 516 1620 571 urbem
1638 518 1746 573 Mallum
1767 524 1873 575 nominc

257 590 366 649 Μαλλὸν
376 589 477 647 στάδιοι
489 589 522 667 ρ’.
1085 600 1170 655 stadia
1182 618 1241 655 roo.

298 696 346 737 tat.
368 674 433 736 Ἀπὸ
448 676 560 734 Μαλλοῦ
570 678 607 743 τις
620 676 779 757 Ἀντιόχειαν
793 679 837 737 ἐπὶ
852 679 980 760 Πυριιμον
992 705 1040 741 πο·
1124 688 1182 740 163.
1204 690 1228 740 A
1247 686 1326 739 Mallo
1339 686 1373 740 ad
1386 688 1554 741 Antiochiam
1571 687 1646 758 juata
1668 691 1810 761 Pyramum
1825 695 1874 747 llu-

255 768 341 841 ταμοῦ
352 763 452 821 στάδιοι
467 762 517 842 ρν’.
1085 773 1157 825 vium
1170 773 1252 825 stadia
1268 772 1326 827 150.

228 871 242 911 ι
297 872 345 913 tat.
369 852 433 911 ’Aah
454 856 502 923 τῆς
514 846 671 933 Ἀνιιοχειας
687 853 730 912 lati
743 854 791 926 τὴν
814 854 932 929 Ἰωνίαν,
946 856 979 929 ἣν
994 862 1040 917 νῦν
1123 863 1183 922 164.
1204 860 1246 913 Ab
1267 860 1407 913 Antiochia
1417 858 1452 913 ad
1466 862 1568 915 Ioniam
1586 878 1666 932 quarn
1684 881 1757 917 nunc
1769 864 1871 937 Cepha·

256 937 382 1019 Κιραλὴν
396 941 523 1012 καλοῦσι,
539 941 641 999 στάδιοι
660 942 692 1003 ο’.
736 939 816 1021 Παρι
827 940 858 1000 ab
876 942 1039 1023 ἀκρωτήριον
1084 944 1129 999 len
1137 956 1241 1010 vocant,
1252 944 1335 998 stadia
1345 962 1388 1015 70.
1425 948 1505 999 Juxta
1516 946 1766 1018 idpromontorinm
1778 952 1873 1005 liuvius

204 1066 211 1075 ·
255 1025 373 1102 ποταμός
386 1028 441 1085 ἔστι
452 1025 564 1100 πλωτὸς,
579 1026 628 1111 [δι]
649 1026 777 1107 Πύραρος
789 1030 919 1092 καλεῖται.
1085 1042 1126 1085 est
1135 1031 1299 1102 navigabilis,
1313 1034 1359 1103 qui
1370 1042 1477 1086 vocatur
1485 1034 1625 1105 Pyramus.

255 1220 320 1255 num
330 1203 483 1257 Kamdaclt·
484 1208 605 1257 Βοαιιπιη
607 1204 698 1276 ,qnod
711 1206 810 1260 clandit
820 1208 908 1259 sinum
919 1209 1040 1273 Issicum,
1087 1212 1132 1254 tur
1148 1200 1255 1255 Mallum
1275 1218 1311 1271 70
1326 1200 1380 1254 lere
1399 1200 1483 1254 stadia
1499 1220 1514 1255 a
1532 1205 1716 1272 promontorio
1734 1206 1874 1261 Kamdacl

254 1282 288 1334 ab
300 1282 351 1334 hoc
363 1300 425 1334 vero
438 1283 547 1351 tringita
556 1283 610 1335 fere
618 1280 824 1336 stadiisboream
834 1302 924 1338 versus
940 1296 1045 1338 exstent
1089 1289 1220 1335 remotam
1230 1278 1319 1343 luisse,
1333 1296 1391 1349 quie
1402 1278 1511 1333 adverso
1521 1283 1634 1350 Pyramo
1646 1282 1727 1335 fluvio
1737 1286 1875 1357 enavigan-

254 1359 314 1413 duae
325 1361 415 1413 irasnlae
424 1362 524 1429 exigua
540 1377 548 1413 ι
560 1362 684 1432 ριοιιινιι
697 1372 736 1414 ast
749 1361 900 1432 conjectura
912 1361 964 1417 hoc
980 1382 1043 1434 pro-
1087 1358 1213 1411 deerant.
1228 1362 1253 1412 A
1270 1358 1349 1411 Mallo
1362 1368 1450 1411 autem
1473 1360 1500 1411 in
1515 1360 1566 1412 hoc
1586 1360 1645 1415 loco
1658 1364 1781 1434 ponenda
1794 1383 1875 1436 usque

255 1440 418 1491 montorium
427 1449 454 1491 et
465 1440 511 1491 has
519 1439 808 1494 insulasanStadrasmo
818 1443 903 1495 uotarr
912 1442 1044 1513 corruptis
1086 1435 1121 1489 ad
1140 1439 1234 1490 Sarum
1261 1437 1402 1490 lluvinm'
1395 1456 1423 1489 ιιι
1450 1437 1579 1511 Cheeneyi
1600 1458 1695 1513 mappa
1717 1459 1801 1512 quum
1823 1446 1875 1498 sint

256 1518 326 1570 notis
348 1517 547 1582 distantiarum,
573 1538 604 1571 ac
621 1519 738 1590 primum
758 1518 865 1589 quidem
885 1538 934 1572 nos
947 1519 1043 1572 deduci
1088 1516 1140 1569 330
1149 1516 1203 1569 lere
1214 1514 1297 1569 stadia
1304 1517 1420 1587 ,optime
1436 1516 1549 1587 quadrat
1565 1518 1703 1573 Stadiasmi
1719 1533 1874 1593 computus,

257 1594 291 1646 ad
304 1596 524 1665 promontorium,
542 1595 638 1650 deiude
651 1596 795 1649 insularum
805 1599 964 1650 mentionem
979 1617 1044 1651 con-
1087 1610 1140 1664 qno
1149 1593 1308 1664 colliguntur
1319 1592 1443 1646 stadia!
1415 1594 1467 1657 340
1480 1592 1490 1667 l
1501 1596 1551 1651 150
1564 1597 1595 1656 -4·
1607 1614 1642 1666 70
1653 1597 1875 1667 †120).Porm

256 1683 297 1725 tm
310 1674 431 1726 ordinem
446 1675 545 1745 parapli
563 1678 637 1745 quasi
651 1673 676 1728 ἓν
695 1678 809 1747 παρέργω
819 1671 907 1746 adjici
925 1676 967 1730 Ad
980 1695 1043 1747 pro-
1086 1672 1217 1745 ascopulo
1230 1672 1383 1729 Rhostco
1353 1690 1436 1745 uque
1444 1668 1478 1726 ad
1489 1692 1550 1727 eum
1558 1674 1646 1728 locum
1649 1693 1720 1746 quo
1731 1695 1765 1730 ex
1774 1678 1874 1733 Stadia

254 1756 417 1807 monitorium
430 1753 493 1806 illud
502 1754 628 1825 ponenda
636 1765 675 1808 est
687 1755 738 1808 alta
746 1757 879 1825 Megarsus
888 1755 928 1807 vel
939 1758 1041 1825 Magar-
1086 1768 1144 1805 smo
1162 1752 1302 1805 Antiochia
1321 1753 1354 1805 ad
1368 1755 1510 1824 Pyramum
1531 1753 1692 1819 collocanda,
1709 1753 1812 1827 diaplns
1836 1769 1875 1813 est

253 1849 296 1884 sos
307 1832 363 1898 (cs.
382 1842 438 1884 not.
450 1850 504 1901 seq.
518 1830 528 1903 )
543 1850 605 1883 cum
617 1834 742 1885 Minervae
754 1834 863 1903 templo.
878 1837 917 1886 Ac
934 1832 1043 1887 sortasse
1088 1830 1139 1883 350
1148 1829 1303 1895 stadiorum,
1316 1850 1347 1884 ae
1358 1831 1469 1885 totidem
1482 1831 1563 1884 hahes
1581 1833 1609 1884 in
1621 1831 1766 1887 Stadiasmo
1780 1838 1795 1903 §
1812 1842 1871 1900 164.

253 1912 332 1963 verba
346 1910 421 1981 dapar
434 1910 629 1964 ranorartau
638 1921 763 1982 corrupta
776 1923 838 1963 sunt
852 1931 884 1964 ea
894 1912 969 1982 dapes
982 1912 1042 1965 ME·
1086 1908 1148 1959 Haec
1163 1908 1244 1976 igitur
1263 1927 1347 1980 quum
1366 1909 1434 1963 bene
1453 1910 1610 1973 concinant,
1623 1911 1790 1965 statuendum
1808 1913 1875 1968 loret

252 1989 405 2055 PAPClAN·
420 1990 460 2042 sin
470 1990 616 2060 genuinum
629 2008 728 2043 nomen
739 2000 779 2042 est
787 1993 967 2043 Romanorum
977 2002 1043 2045 tem·
1086 1984 1171 2038 tribus
1181 1988 1273 2041 saltem
1286 1988 1359 2041 ostiis
1372 1990 1514 2058 Pyramum
1523 1988 1551 2039 in
1560 2006 1633 2041 mare
1643 1991 1745 2055 exiisse,
1756 2010 1811 2045 uno
1820 2012 1873 2047 non

252 2070 430 2141 poribnslani
449 2067 598 2140 templum
591 2086 619 2121 m
638 2070 765 2122 Minerva
783 2068 875 2122 lanum
890 2072 1043 2124 sucoessisse
1086 2062 1163 2134 longe
1178 2084 1193 2118 a
1209 2066 1288 2121 Mallo
1307 2066 1383 2129 urbe,
1395 2065 1478 2119 altero
1498 2065 1531 2119 ad
1549 2068 1727 2133 Antiochiam,
1744 2071 1822 2123 tertio
1840 2072 1874 2126 ad

251 2150 393 2219 putaveris
1086 2143 1256 2213 Cephalen3'
1250 2164 1277 2197 m
1287 2145 1388 2216 periplo
1402 2154 1489 2197 autem
1499 2162 1605 2197 nonnisi
1616 2147 1687 2198 tertii
1701 2148 1761 2199 ostn
1770 2167 1874 2220 expres·

258 2234 351 2283 161.
365 2226 522 2297 Μαλλόν]
539 2228 580 2279 De
591 2227 642 2280 hac
651 2228 737 2280 urbe
730 2238 766 2281 ιιι
778 2228 870 2298 Scylax
883 2246 911 2299 p.
928 2246 981 2299 77:
996 2249 1041 2282 πο-
1086 2239 1142 2275 sam
1151 2224 1207 2277 lieri
1218 2226 1388 2288 mentionem,
1404 2233 1542 2294 propterea
1555 2222 1647 2294 quod
1640 2243 1668 2277 m
1678 2225 1719 2277 his
1732 2225 1804 2279 sonte
1815 2240 1872 2281 utc-

250 2308 329 2377 ταρδς
337 2305 576 2377 Πνραροςκαιτιλις
585 2306 689 2368 Μαλλὸς
696 2306 729 2368 τις
737 2306 1020 2373 ηνδάνάπλονςκατα
998 2326 1042 2362 τον
1086 2302 1174 2368 batur,
1190 2306 1235 2374 qui
1257 2322 1312 2357 non
1326 2304 1359 2357 ab
1376 2306 1477 2357 oriente
1494 2303 1527 2357 ad
1547 2322 1684 2371 comeum,
1708 2305 1778 2359 sed'
1771 2326 1874 2363 inversa

250 2387 372 2456 ποταμόν.
388 2386 456 2438 Mela
467 2388 491 2449 1,
514 2386 572 2437 13·
567 2425 573 2436 .
593 2389 744 2454 Pyramus..
762 2387 864 2439 Mallon
871 2388 1040 2458 preterfluit,
1086 2384 1127 2435 via
1136 2382 1304 2453 procedebat,
1317 2385 1474 2454 Pyramique
1486 2386 1646 2437 mentionem
1656 2382 1745 2453 injecit
1759 2403 1791 2438 eo
1803 2386 1872 2449 loco,

251 2465 345 2518 Strabo
357 2482 385 2535 p.
402 2465 452 2534 675
465 2465 606 2517 ιιιοιωιιι
622 2464 786 2535 procedens:
804 2466 961 2538 Πύραρος..,.
975 2466 1042 2534 πλη.
1085 2461 1132 2514 uhi
1154 2464 1270 2534 primum
1283 2463 1356 2515 fluvii
1379 2464 1475 2517 ostiam
1495 2474 1654 2515 occurreret.
1669 2462 1732 2533 Ejus
1746 2466 1817 2517 enim
1834 2468 1873 2519 rei

251 2545 305 2596 clos
319 2544 346 2595 δὲ
365 2543 407 2594 καὶ
427 2542 552 2603 unite.
568 2542 598 2593 0t
616 2544 688 2612 τάροι
709 2545 720 2609 (
729 2546 816 2617 Mppsr
834 2556 861 2598 et
874 2546 1041 2616 Amphilochi
1086 2542 1147 2593 satis
1168 2542 1336 2595 manifestum
1355 2541 1482 2594 indicium
1504 2543 1571 2594 inest
1588 2545 1603 2610 ς
1623 2546 1684 2605 164,
1706 2542 1751 2596 ubi
1775 2545 1875 2597 Noster

250 2621 420 2678 conditorum
433 2622 442 2693 )
455 2622 511 2693 περι
526 2620 650 2692 Μάγαρσα
663 2625 707 2675 τοῦ
722 2621 839 2694 ιινράρου
848 2625 964 2691 πλησίον.
974 2627 1041 2678 Cur.
1085 2621 1237 2674 inattentior
1247 2621 1337 2674 scribit
1348 2620 1407 2691 πρὸς
1414 2618 1536 2682 ἀνατολὰς
1546 2637 1651 2673 cursum
1662 2619 1749 2689 dirigi,
1759 2623 1805 2691 qui
1815 2632 1875 2675 erat

251 2704 303 2755 tius
328 2704 378 2767 111,
402 2720 419 2770 7
442 2718 449 2752 ι
471 2700 640 2771 (Alexander
660 2704 744 2755 Tarso
757 2703 913 2773 proiectus)
929 2708 1042 2773 Pyramo
1085 2698 1143 2769 πρδς
1154 2699 1265 2770 ἑσπέραν.

250 2777 802 2851 amnepontejunctoadMallumpernenit.
816 2783 920 2833 Arrian.
930 2781 1039 2846 11‚5,8:
1120 2781 1136 2845 S
1154 2784 1213 2835 163.
1235 2778 1425 2849 Ἀντιοχειαν
1440 2778 1491 2833 ἔπι
1502 2779 1662 2850 Πυράρον]
1674 2782 1805 2832 Memorat
1816 2782 1873 2833 An·

254 2856 296 2919 Ἐς
315 2858 450 2928 Μάγαρσον
463 2850 509 2921 ἧκε
522 2857 563 2908 καὶ
576 2860 608 2929 τῇ
627 2856 716 2927 Ἀθηνᾷ
733 2863 766 2930 τῇ
787 2858 923 2928 Μεγαρσιδι
940 2858 1038 2913 ἔθυσεν·
1083 2856 1210 2921 ¹tiochiam
1222 2856 1267 2923 τὴν
1278 2858 1317 2911 ἐπι
1326 2860 1443 2930 Πυράμον
1457 2860 1604 2931 Stephanus
1615 2860 1689 2928 Bya,
1704 2857 1769 2911 alius
1780 2875 1871 2912 nemo.

251 2934 361 2989 letaidau
373 2936 399 2989 δὲ
418 2934 440 2997 ἐς
453 2934 560 2988 Μαλλὸν
577 2934 686 3007 ἀφίκετο.
700 2936 866 3008 Stephanus:
890 2937 1039 3008 Μιγαρσος,
1084 2936 1303 2992 Mediaemneam
1316 2939 1409 2994 rrrhem
1430 2940 1498 2993 inter
1517 2938 1624 2992 Mallum
1647 2938 1871 3008 ctMopsnastiam

252 3016 365 3087 μέγιστος
376 3015 452 3084 ὄχθος
463 3013 489 3067 ιν
501 3017 533 3085 τῇ
546 3015 643 3085 Κιλικίᾳ
653 3015 712 3085 πρὸς
720 3019 751 3086 τῇ
761 3015 881 3087 Μαλλῷ..
892 3016 934 3070 και
944 3017 1043 3088 Μεγαρ-
1085 3016 1161 3068 sitam
1178 3019 1317 3087 significari
1334 3015 1452 3071 nonnulli
1469 3026 1605 3088 putarunt.
1625 3017 1674 3068 Cui
1694 3017 1827 3068 sententiae
1839 3034 1870 3068 ex

249 3095 291 3146 σια
312 3093 400 3161 Ἀθηνᾶ
417 3093 472 3147 ἐκεῖ
483 3094 589 3163 ἵδρυται.
606 3095 775 3165 Lycophron.
797 3097 851 3164 439
874 3112 881 3148 :
905 3095 975 3157 αιπδς
990 3097 1040 3150 nt·
1084 3095 1240 3160 Stadiasmo,
1251 3107 1411 3166 exquotcta
1423 3097 1596 3167 haecquaestio
1609 3093 1715 3166 pendet,
1728 3093 1871 3165 probahili-

249 3193 349 3244 γαροος,
364 3173 464 3227 Plinius
470 3174 506 3237 V,
520 3176 576 3241 aas
586 3191 619 3242 9¹
633 3191 639 3226 :
652 3173 752 3245 oppida
761 3175 873 3237 Mallus,
886 3178 1038 3242 Magarsus.
1084 3174 1229 3228 tasadstrui
1237 3177 1338 3246 nequit.
1346 3176 1414 3229 Nam
1421 3176 1591 3228 mensuraeita
1600 3183 1756 3244 comparatae
1762 3183 1834 3237 sunt,
1843 3184 1872 3225 ut

249 3253 426 3306 Ptolemaeus:
448 3251 554 3312 Μαλλδς
575 3255 622 3306 68⁰
641 3253 691 3317 So,
710 3253 780 3322 long.
805 3253 921 3324 ιινριρον
940 3254 1041 3308 ἐνιδολαι
1080 3250 1157 3322 juxta
1169 3273 1241 3308 oram
1255 3253 1453 3326 procedendum
1465 3255 1508 3307 sit.
1522 3255 1651 3306 Praeterea
1662 3269 1745 3322 quum
1755 3251 1872 3314 διάπλονς

250 3335 298 3386 68⁰
316 3333 364 3384 1⁵¹.
379 3331 458 3401 Σάρον
468 3331 570 3384 ὲιὸολαι
579 3334 636 3385 68⁰.
650 3333 765 3384 -Hine
773 3331 874 3401 colligis
889 3333 998 3386 Mallum
1006 3334 1040 3389 ab
1084 3333 1226 3388 a·Rhosico
1243 3333 1351 3406 scopulo
1368 3332 1403 3386 ad
1426 3332 1593 3386 Antiochiam
1608 3329 1737 3395 tradatur,
1761 3347 1794 3383 eo
1814 3332 1872 3401 ipso

250 3409 376 3463 orientale
397 3410 470 3461 lluvii
489 3409 578 3474 latere,
593 3427 649 3462 non
666 3420 755 3462 ιιιιιειι
771 3409 806 3462 ad
826 3411 909 3480 ipsam
923 3411 1040 3466 lluminis
1084 3415 1215 3466 maritima
1229 3413 1293 3466 nrhs
1314 3410 1460 3476 indicatum
1482 3429 1544 3464 nam
1561 3409 1595 3464 ad
1615 3409 1872 3468 metinnmeatu·

249 3487 335 3558 ripam
344 3485 424 3539 fuisse
432 3488 554 3557 positam.
567 3489 738 3540 Accusatiora
748 3485 941 3540 desiderorium
950 3489 1039 3560 Vulgo
1084 3490 1143 3542 πλοι
1150 3509 1204 3544 non
1216 3493 1299 3545 solent
1308 3492 1450 3563 pertinere.
1461 3488 1641 3555 Huqaccedit,
1649 3488 1721 3560 quod
1728 3491 1766 3542 sic
1777 3489 1871 3542 urbem

249 3564 284 3617 ad
298 3565 406 3618 Mallum
415 3565 533 3618 referunt
541 3566 631 3617 ruinas
644 3582 704 3636 qnae
715 3565 856 3634 nonlonge
872 3568 1040 3622 aKaradael
1082 3573 1229 3636 nanciscor,
1242 3571 1276 3625 ad
1294 3589 1373 3643 quam
1392 3571 1484 3624 referri
1497 3570 1581 3642 possit
1598 3586 1695 3623 numus
1706 3569 1803 3622 Ciliciae
1818 3567 1872 3620 'An-

251 3648 371 3696 Bouroun
381 3652 496 3706 exstant
509 3653 587 3712 atque
602 3661 686 3713 quum
697 3661 780 3714 prope
788 3643 860 3698 bone
873 3645 960 3698 locum
969 3646 1039 3700 lacus
1083 3652 1211 3719 τιογέων
1229 3650 1522 3720 τῆςπαραλιας4ιρ.
1534 3647 1796 3719 MionnetSupplcm.
1806 3648 1870 3712 vn,

248 3722 276 3773 in
288 3739 360 3774 mare
369 3732 458 3785 excat,
473 3720 501 3773 id
522 3732 596 3774 vetus
607 3739 664 3775 asse
676 3723 781 3792 Pyrami
796 3726 894 3776 ostium
910 3734 1036 3781 statuunt.
1082 3730 1175 3798 P219⁵
1189 3729 1208 3800 ).
1220 3730 1272 3782 Ubi
1285 3731 1381 3782 ostium
1393 3730 1507 3800 Pyrami,
1521 3745 1563 3780 cut
1556 3727 1713 3782 Antiochia
1725 3724 1870 3794 adjacebat,

248 3799 362 3867 Quod'
342 3819 365 3852 ιι
378 3809 449 3853 reete
461 3799 502 3867 lit,
516 3799 586 3852 falsae
598 3811 660 3854 sunt
673 3800 969 3871 distantiaquashabet
981 3805 1038 3857 Sta·
1082 3807 1246 3876 ponendum,
1259 3826 1330 3861 nunc
1347 3806 1437 3860 lacus
1426 3817 1502 3878 juxta
1520 3806 1582 3858 litus
1593 3803 1753 3858 extenditur.
1765 3803 1871 3871 Quodsi

248 3877 659 3932 dinamustumhoclocotum'
651 3897 679 3931 m
695 3894 770 3952 seqq.
789 3879 857 3932 Illud
871 3898 977 3951 quoqne
987 3901 1038 3935 nn
1081 3883 1161 3938 hodie
1177 3887 1242 3938 ostra
1251 3886 1294 3938 illa
1307 3904 1361 3938 non
1379 3885 1613 3956 ampliusexstant,
1629 3881 1657 3936 id
1670 3901 1702 3935 ex
1716 3881 1806 3934 indole
1819 3884 1871 3936 llu-

248 3959 329 4022 raris,
341 3958 409 4011 nihil
423 3969 514 4012 nostro
528 3957 588 4011 loco
602 3957 636 4011 de
651 3961 766 4030 Pyrarno
779 3962 875 4025 notari,
888 3959 943 4012 sed.
958 3963 1037 4029 §163
1081 3964 1117 4015 vii
1138 3963 1211 4016 facilc
1229 3964 1382 4034 explicatur.
1403 3964 1464 4016 Nilo
1486 3967 1615 4035 Pyramus
1636 3969 1805 4031 comparatur
1825 3979 1870 4032 ap.

248 4036 417 4090 Antiochiam
427 4035 461 4088 ιιι
472 4039 614 4107 Pyramum
623 4037 736 4104 landari,
751 4042 766 4108 §
778 4042 829 4102 164
838 4038 946 4092 demum
955 4039 1037 4093 diser·
1081 4041 1236 4094 Strabonem
1249 4060 1276 4113 p.
1291 4043 1335 4106 53,
1348 4042 1382 4094 de
1393 4060 1477 4113 eoque
1486 4040 1620 4094 serebatur
1633 4039 1788 4092 oraculum:
1804 4039 1872 4094 ἔσσε-

248 4116 342 4168 tiorem
357 4115 431 4167 fluvii
448 4116 609 4168 mentionem
632 4115 714 4188 injici.
730 4122 899 4189 Quapropter
912 4121 1037 4188 suspicari
1081 4139 1121 4172 ται
1141 4119 1290 4190 ἔσσομένοις,
1312 4123 1353 4174 ὅτι
1370 4121 1484 4192 Πύραμος
1508 4119 1646 4190 εὖρνοδινης
1668 4117 1740 4184 ἠιόνα
1755 4120 1871 4190 προχέων

248 4195 331 4268 possis
340 4194 472 4250 turhatam
483 4213 538 4249 esse
547 4195 643 4269 perilli
654 4198 831 4253 narrationem
842 4204 910 4253 etex
919 4198 1037 4270 corqplu·
1083 4197 1150 4268 ἱερὴν
1165 4199 1188 4261 ις
1200 4200 1295 4270 Κύπρον
1305 4201 1400 4268 ἵκηται.
1411 4202 1533 4253 Ceterum
1541 4215 1626 4268 quum
1633 4199 1662 4250 in
1672 4196 1871 4251 mediterraneis

249 4275 323 4328 ribus
345 4274 461 4329 sontibus
486 4277 554 4329 male
580 4277 736 4341 conflatam,
760 4296 809 4330 nec
829 4278 958 4330 diversam
981 4297 1037 4332 csse
1081 4288 1154 4330 vetus
1164 4277 1251 4330 alveus
1263 4289 1356 4343 exstet,
1368 4296 1422 4348 quo
1431 4279 1493 4331 olim
1507 4280 1585 4332 Sarus
1599 4295 1660 4331 cum
1673 4279 1787 4348 Pyramo
1803 4297 1869 4330 con-

182 4385 186 4391 ·
245 4353 354 4406 Mallum
364 4354 407 4406 ab.
419 4355 559 4408 Antiochia
569 4354 609 4409 ἔπι
622 4356 738 4426 ιινριιρον
752 4355 841 4428 (qnod
854 4375 951 4410 nomen
963 4368 1036 4412 certo
1075 4354 1246 4427 jungebatur,
1254 4367 1281 4409 et
1289 4374 1372 4427 quum
1380 4357 1467 4428 plures
1476 4359 1532 4411 Sari
1540 4357 1605 4410 ostia
1611 4354 1870 4425 vetemjdtsunxisse

246 4432 363 4502 quodam
374 4443 492 4504 tempore
507 4434 589 4490 Mallo
607 4433 684 4488 luerit
696 4437 718 4504 ),
729 4453 778 4488 nec
797 4434 947 4504 ἰανοναριαν
959 4435 1035 4506 ἄκραν
1079 4443 1189 4504 arguam
1201 4433 1297 4506 Capita
1311 4434 1371 4488 Sari
1387 4435 1458 4506 apud
1468 4437 1572 4490 Livium
1590 4436 1718 4497 XXXIII,
1731 4437 1763 4494 41
1782 4433 1870 4499 (Iade

246 4509 354 4564 diller're
367 4512 402 4564 ab
416 4510 498 4582 ἰωνια
517 4513 590 4583 ἄκρᾳ,
612 4523 638 4566 et
647 4513 766 4585 diaplum
783 4517 798 4582 S
814 4517 863 4576 164
877 4514 911 4566 ab
926 4515 1034 4584 scopulo
1075 4510 1223 4582 proflatum
1241 4531 1298 4564 enm
1310 4512 1348 4564 od
1362 4514 1466 4586 Capita,
1481 4533 1538 4584 qnoe
1551 4524 1661 4574 ineant,
1673 4511 1733 4564 Sari
1744 4511 1870 4578 fluminis

245 4591 353 4643 Russico
362 4589 439 4660 dirigi
450 4590 485 4644 ad
495 4595 710 4662 promontorium
716 4592 789 4663 quod
797 4593 831 4646 ab
843 4611 938 4646 occasu
946 4595 1034 4648 sinum
1072 4590 1148 4658 freda
1164 4601 1304 4664 tempestas
1316 4592 1408 4654 oborta
1418 4609 1500 4664 prope
1512 4611 1571 4644 cnm
1582 4591 1653 4643 omni
1670 4591 1753 4642 classe
1771 4588 1870 4640 demrr·

245 4670 354 4721 Issicum
367 4668 474 4734 claudit,
485 4687 600 4740 eumque
609 4669 727 4742 diapium
735 4689 790 4742 prae
798 4673 890 4724 ceteris
901 4669 980 4723 lirisse
988 4691 1035 4724 no·
1077 4671 1134 4739 sit)
1146 4687 1152 4722 ι
1164 4669 1272 4724 sortasse
1281 4671 1314 4724 ab
1324 4671 1464 4724 Antiochia
1477 4673 1520 4735 τῆς
1532 4671 1651 4740 παραλίας
1660 4679 1686 4722 et
1695 4672 1738 4734 τῆς
1750 4667 1870 4738 Πνράρου

244 4749 367 4802 ιιιιιιιιιιι.
377 4749 429 4801 Sed
440 4767 474 4801 ne
484 4749 549 4820 qnid
558 4749 734 4802 confidentius
746 4768 932 4814 asseveremus,
941 4768 1035 4804 manca
1078 4767 1134 4802 non
1143 4746 1244 4802 diversa
1253 4761 1293 4802 est
1305 4747 1440 4817 Ἀντιόχεια
1453 4747 1469 4813 ἡ
1484 4748 1543 4818 πρδς
1556 4753 1593 4819 τῷ
1602 4749 1684 4818 Σάρῳ,
1700 4764 1778 4816 quam
1793 4748 1870 4799 novi-

245 4838 334 4880 nostra
346 4827 443 4880 horum
456 4828 576 4881 locorum
585 4830 736 4897 cognitione
745 4827 915 4900 impedimur.
931 4830 1034 4882 Deinde
1079 4847 1165 4882 muse
1183 4846 1266 4882 numo
1280 4828 1404 4882 Antiochi
1421 4827 1565 4899 Epiphanis
1580 4830 1590 4896 (
1602 4827 1699 4880 Eclrhcl
1712 4836 1732 4877 t.
1751 4825 1804 4896 tp.
1821 4830 1868 4887 46.

244 4924 308 4959 vero
316 4909 385 4960 bene
395 4907 538 4960 tenendum
551 4919 599 4972 est,
616 4926 742 4962 numeros
760 4908 897 4962 Stadiasmi
912 4910 949 4960 ita
959 4927 1032 4961 com-
1077 4907 1119 4960 Cl.
1135 4910 1254 4978 Droysen
1265 4907 1418 4960 Hellenirm.
1436 4909 1472 4970 ΙΙ,
1483 4925 1511 4977 p.
1527 4909 1575 4960 681
1586 4909 1608 4976 ).

244 4996 349 5056 paratos
357 5005 422 5050 esse,
431 4988 493 5039 utin
503 5005 578 5040 oram
587 5005 646 5057 qua·
652 4985 840 5059 astaDidymis
849 4987 940 5040 insulis
950 5005 1034 5058 usque
1112 4989 1128 5054 S
1140 4992 1200 5043 16-1.
1212 4983 1366 5056 κεφαλὴν]
1379 4985 1494 5055 κέφαλον,
1516 4983 1562 5038 sed
1576 4989 1591 5052 S
1605 4987 1654 5038 166
1674 4981 1722 5035 ἀπὸ
1736 4985 1779 5048 τῆς
1793 4998 1870 5048 κερα-

246 5063 280 5117 ιιι
294 5066 386 5117 Sarum
401 5065 523 5129 fluvium,
533 5065 665 5135 quadrent
674 5068 782 5138 optime,
796 5066 877 5118 modo
893 5064 1033 5119 nedesitu
1078 5065 1134 5130 λῆς,
1160 5063 1253 5117 codex.
1273 5065 1375 5117 Nomen
1397 5062 1493 5116 ἰωνιαν
1516 5073 1669 5133 corruptum
1692 5079 1747 5113 esse
1778 5069 1871 5110 censet

245 5141 315 5195 Malli
325 5143 398 5195 urbis
414 5144 559 5214 quidquam
575 5145 796 5215 praejudicaveris.
807 5146 911 5197 Etenim
923 5145 945 5196 si
955 5163 971 5196 a
988 5147 1034 5198 Di·
1078 5145 1189 5209 Gailius,
1205 5143 1244 5198 tet
1257 5142 1302 5210 alja
1322 5143 1435 5214 γωνίαν(
1454 5165 1465 5192 ι
1486 5141 1523 5194 ad
1541 5142 1673 5209 angulani,
1688 5139 1734 5210 qni
1744 5156 1812 5191 ιιιιιιε
1826 5141 1873 5190 Cr-

245 5217 331 5292 dymis
338 5221 428 5275 insulis
441 5222 572 5294 usquead
586 5223 695 5278 Mallum
706 5234 767 5279 sunt
777 5223 860 5278 stadia
873 5240 933 5290 roo,
947 5225 1034 5295 scqui-
1074 5220 1155 5296 plmle
1167 5225 1294 5296 οοιαιιιι)
1306 5221 1476 5278 scribendum
1487 5220 1637 5293 conjiciens.
1652 5218 1725 5274 Nihil
1735 5235 1784 5289 ego
1799 5218 1827 5270 in
1839 5235 1872 5271 re
1922 5235 1926 5242 ·
