3950 5925
229 443 328 493 narrt
584 432 798 493 tuonrtttts
820 430 946 492 ronta
970 432 1119 511 (vtttflo
1141 432 1323 494 surtinus
1344 432 1492 512 Clllllsl.

279 622 345 679 roi.
358 618 618 692 Grandioraopcra
627 634 716 691 (quum
726 615 757 672 in
765 614 913 671 cornmnni
922 614 1018 672 litera·
1061 617 1093 674 in
1105 618 1220 691 integro
1233 618 1333 675 codice
1344 620 1396 675 srni
1409 618 1510 695 operis
1520 600 1717 695 subscriptum
1729 619 1848 694 legeba-

234 736 297 773 rum
316 713 469 787 naufragio
482 724 591 769 tantum
604 710 771 767 nonomnia
783 710 873 767 moles
888 728 940 767 sua
950 728 1018 786 per·
1059 726 1118 782 tur,
1139 734 1216 771 nnrrc
1240 734 1294 773 nos
1312 716 1389 771 latet.
1414 714 1472 772 Nec
1490 728 1585 772 tamen
1609 716 1642 772 in
1663 715 1847 775 editionibus

233 811 355 882 diderit,
369 809 426 867 laeti
441 826 496 865 nos
516 807 693 863 levissimam
714 804 875 881 quamlibet
896 806 1017 865 naricu-
1059 821 1160 865 auctor
1174 809 1296 866 nomine
1312 828 1412 867 carere
1430 808 1559 881 solebat3
1575 814 1741 866 Marcianas
1755 814 1846 868 Hera·

234 909 289 963 lam
299 902 478 981 excipimus,
492 901 540 957 cui
551 900 636 957 salvae
646 902 707 957 sive
720 900 795 957 laesae
807 900 843 957 ad
854 900 1018 957 citeriorem
1058 906 1147 959 canta
1156 916 1219 961 erat
1230 904 1409 973 lloeschclio‚
1419 903 1554 973 lilorello‚
1564 904 1711 977 vindingo
1716 928 1725 974 ;
1738 905 1846 964 deinde

235 1012 344 1057 atatem
359 1008 537 1055 transnatare
549 993 714 1069 contigerit.
727 993 836 1052 Eorum
848 1012 885 1051 ex
895 1012 1020 1051 nunuro
1058 1000 1182 1069 Scymno
1196 999 1268 1055 Clu'o
1284 1018 1359 1074 opus
1372 997 1559 1057 vindicarunt
1571 998 1663 1057 Lucas
1676 1000 1845 1059 llolstenius

193 1142 197 1167 ,
233 1093 440 1171 opusculorum
454 1102 553 1149 nostra
560 1089 622 1145 lraec
636 1089 795 1165 periegesis
808 1102 862 1165 est,
873 1109 937 1165 quae
946 1108 1018 1165 puc-
1059 1093 1069 1168 l
1080 1093 1111 1149 in
1117 1090 1282 1150 Observata
1292 1092 1329 1149 ad
1336 1092 1484 1170 Porphyr.
1492 1092 1552 1152 Vit.
1560 1093 1720 1169 Pythagor.
1731 1114 1760 1170 p.
1772 1116 1784 1151 1
1794 1116 1843 1165 17,

233 1206 333 1247 rorum
345 1185 523 1246 institutioni
533 1184 675 1242 destinata
687 1184 877 1261 perexiguum
890 1183 1020 1251 indocta
1059 1206 1104 1245 an.
1118 1190 1241 1260 1631,et
1247 1190 1279 1247 in
1285 1188 1349 1247 Not.
1355 1189 1392 1247 ad
1398 1190 1598 1267 schohtlpoll.
1612 1189 1762 1263 llhole,
1771 1194 1842 1263 284,

232 1284 403 1360 antiquitate
426 1282 553 1359 pretium
583 1278 725 1354 habehat,
747 1300 825 1339 nnnc
847 1300 919 1338 vero
940 1280 1020 1339 haud
1059 1302 1107 1340 an.
1120 1285 1195 1359 1639
1206 1285 1215 1360 l
1227 1296 1257 1341 et
1268 1284 1384 1343 isaacus
1393 1282 1515 1343 Vossius
1527 1287 1537 1362 l
1551 1286 1582 1343 in
1592 1285 1706 1363 praeiat,
1717 1286 1753 1343 ad
1764 1288 1845 1343 dno·

233 1379 366 1436 inlimum
375 1378 472 1434 locum
482 1374 604 1433 obtinet.
613 1374 794 1451 Compendia
804 1374 894 1451 hujus
904 1376 1019 1450 generis
1059 1380 1140 1452 nymi
1165 1379 1271 1456 peripl.
1287 1380 1377 1438 Ponti
1399 1380 1486 1451 Eua,
1507 1401 1556 1443 an.
1589 1382 1695 1460 1639);
1717 1402 1844 1459 quorum

234 1472 428 1550 geographica
439 1474 471 1529 in
481 1471 588 1529 scholis
602 1470 819 1547 usurpalrantnr
828 1472 934 1547 partim
949 1492 1018 1549 pro·
1059 1474 1257 1549 conjecturam
1272 1494 1363 1551 quum
1382 1474 1550 1536 Dodwellus
1564 1476 1770 1554 approbasset,
1787 1477 1845 1535 suh

233 1569 321 1638 saica,
332 1568 437 1645 partim
446 1569 569 1644 poetica.
582 1564 691 1623 Exillis
702 1566 759 1622 alia
772 1566 1020 1626 fuerintvetustis·
1058 1567 1177 1644 Scymni
1194 1570 1314 1629 nominc
1331 1570 1465 1629 libellnrn
1485 1571 1580 1629 edidit
1605 1572 1775 1643 llndsonns,
1794 1575 1845 1630 cni

233 1663 376 1720 simorum
388 1659 636 1739 geographorum,
648 1673 679 1717 ut
694 1659 817 1717 llecataei
824 1702 833 1730 ‚
844 1662 892 1737 γῆς
902 1658 1017 1739 περίοδοι
1058 1662 1139 1721 bona
1151 1663 1208 1721 fide
1221 1684 1252 1723 se
1262 1664 1439 1723 addixerunt
1451 1680 1604 1743 sequentes
1620 1668 1756 1735 editores,
1769 1667 1843 1725 Gai·

234 1759 297 1815 sive
314 1756 452 1836 περίπλου,
464 1748 516 1834 qui
531 1759 569 1813 ob
591 1756 729 1813 dictionis
740 1756 955 1833 simplicitatem
971 1777 1018 1815 re·
1059 1756 1131 1829 lius,
1145 1757 1321 1830 letronnus,
1331 1759 1494 1831 Fabricius,
1509 1761 1671 1837 usquedum
1682 1761 1845 1821 ltteinetius

233 1872 356 1929 rumque
363 1854 475 1929 copiam
486 1851 627 1909 modicata
637 1850 800 1927 juventutis
809 1850 911 1909 usibus
917 1870 1018 1928 perac-
1059 1873 1146 1929 quam
1158 1855 1315 1913 imbecillis
1327 1868 1356 1913 et
1369 1856 1466 1914 inanis
1485 1869 1560 1913 esset
1575 1857 1717 1915 llolstenii
1731 1857 1844 1915 vossii-

233 1949 407 2007 commodati
429 1962 529 2019 erant;
550 1947 608 2004 alia
623 1945 767 2022 majorum
782 1966 904 2023 operum
920 1948 1015 2024 epito·
1059 1965 1117 2023 que
1131 1950 1354 2023 argumentatio,
1370 1948 1485 2025 liquido
1498 1950 1672 2007 ostenderet.

208 2032 295 2103 'arras
320 2042 509 2113 exhibebant,
533 2040 698 2118 eujusmodi
719 2039 852 2098 libellum
876 2040 1016 2101 habemus
1104 2043 1410 2120 108.Quodprinceps
1418 2044 1512 2102 editor
1520 2045 1685 2121 periegesin
1694 2044 1845 2106 Marciano

233 2140 378 2218 periplum
388 2137 644 2214 Pseudo-Scylaeis
655 2158 665 2209 3
676 2137 732 2193 alia
740 2136 866 2214 denique
876 2156 913 2195 ex
924 2138 1017 2197 variis
1062 2134 1239 2193 lleracleotae
1263 2138 1427 2214 inscripsit,
1449 2138 1481 2196 id
1497 2140 1564 2197 iecit
1581 2140 1750 2197 auctoritate
1771 2160 1844 2216 apo·

232 2234 401 2293 aucmribus
411 2233 530 2291 collecta
538 2234 655 2291 suerint.
668 2232 726 2301 Qui
735 2235 940 2291 verovinctarn
950 2254 1015 2291 ora·
1057 2234 1160 2311 graphi
1169 2232 1411 2312 Vaticani3bujus
1420 2235 1844 2294 veroscribaauctoremistoru

234 2332 343 2387 tionem
358 2327 688 2401 solutaesnbstituerunt,
699 2342 730 2387 ut
738 2330 884 2387 memoriae
899 2350 1016 2387 succur·
1058 2347 1112 2386 suo
1125 2329 1257 2406 periculo
1271 2332 1375 2388 eruite
1395 2329 1497 2388 codice
1516 2330 1669 2400 Parisino,
1690 2336 1740 2407 qui
1756 2332 1845 2388 initio

233 2435 340 2494 rerent,
360 2423 405 2481 vel
426 2422 557 2481 iambicis
578 2424 726 2493 trimetris,
741 2423 931 2483 liberioribus
945 2425 1016 2502 illis,
1057 2422 1123 2499 ejus
1143 2424 1273 2501 paginae,
1294 2425 1405 2501 inqua
1428 2426 1586 2503 periegesis
1610 2426 1732 2501 incipit,
1757 2425 1845 2483 habet

233 2517 278 2574 vel
288 2518 374 2575 etiam
383 2536 470 2575 versu
478 2518 597 2576 heroico
609 2519 654 2575 usi
665 2531 742 2576 sunt.
753 2518 955 2578 Primusinter
964 2520 1017 2579 hos
1058 2518 1150 2577 verba
1162 2520 1210 2577 vel
1224 2539 1327 2577 manca
1346 2521 1393 2578 vel
1413 2535 1550 2598 corrupta
1564 2543 1570 2577 :
1584 2522 1700 2598 εὐτυχῶς
1713 2523 1845 2599 hicpau-

232 2614 377 2673 ertstitisse
397 2612 515 2671 videtur
537 2613 734 2690 Apollodorus
749 2613 945 2684 Atheniensis,
965 2617 1017 2692 qui
1058 2615 1095 2693 νῷ
1108 2615 1117 2690 l
1128 2614 1173 2674 Ci.
1186 2635 1217 2692 p.
1233 2614 1324 2691 xlv).
1339 2614 1383 2671 Ex
1395 2615 1444 2673 his
1460 2614 1601 2673 librarius
1615 2616 1725 2675 codicis
1734 2615 1848 2674 Vatica-

233 2721 325 2765 rnetro
340 2707 467 2765 iambico
479 2720 507 2765 et
525 2708 663 2765 chronica
678 2721 707 2765 et
719 2708 802 2765 orbis
815 2722 956 2765 terrarum
971 2710 1018 2767 de·
1059 2709 1108 2779 ni,
1121 2710 1217 2786 quiin
1230 2723 1340 2768 antece.
1358 2709 1499 2769 Illarciani
1514 2710 1690 2767 lleracleotae
1703 2712 1847 2788 opuscula

234 2804 424 2879 scriptionem
444 2801 585 2861 condidit.
602 2801 694 2878 Cujus
708 2802 877 2879 ‚exenrplnm
903 2817 1017 2862 secutus
1059 2805 1295 2883 transcripserat,
1316 2805 1411 2863 eidem
1433 2806 1600 2882 geographo
1623 2807 1711 2863 etiam
1740 2827 1846 2883 poema

232 2897 337 2955 Noster
348 2916 428 2955 snam
444 2898 562 2974 scripsit
574 2896 752 2974 periegesin,
764 2909 792 2953 et
804 2898 939 2974 aequiore
953 2917 1017 2955 aevo
1059 2914 1191 2959 nostrum
1201 2900 1387 2959 tribuendum
1398 2920 1461 2959 esse
1470 2901 1640 2978 conjecerit.
1650 2901 1718 2971 Qua
1724 2902 1844 2978 quidem

236 2995 332 3053 simile
342 3015 415 3073 opus
434 2993 539 3052 iambis
553 2996 720 3071 composuit
734 2995 893 3070 Dionysius
905 2996 1011 3070 Aglao·
1059 2999 1199 3076 opinione
1213 3001 1337 3077 turpiter
1348 3000 1446 3076 lapsus
1456 3011 1509 3058 est.
1524 2999 1560 3056 Et
1574 3012 1669 3056 umen
1679 2999 1764 3056 tacite
1779 2999 1845 3056 fieri

233 3089 350 3166 phontis
361 3113 370 3162 3
382 3089 558 3148 hexametris
570 3109 644 3147 vero
657 3088 757 3147 orbem
772 3102 916 3148 terrarum
929 3091 1018 3149 Sullae
1059 3107 1164 3171 potest,
1180 3107 1213 3152 ut
1227 3095 1342 3155 nescius
1363 3113 1464 3152 verum
1481 3095 1609 3152 auctoris
1622 3113 1728 3151 nomen
1749 3113 1844 3170 appo-

233 3185 414 3261 temporibus
429 3187 584 3263 descripsit
599 3186 1017 3264 Alexanderliphesins,quern
1059 3193 1161 3250 suerit.
1176 3190 1248 3248 Nam
1259 3189 1352 3248 verba
1362 3192 1478 3267 εὐτυχῶς
1492 3191 1641 3268 Μαρκιανῶ
1659 3190 1695 3247 ad
1710 3202 1844 3248 nostrum

230 3301 247 3338 e
264 3280 410 3358 Stephano
428 3282 567 3358 hyantino
584 3284 735 3352 novimus,
752 3303 784 3339 ac
797 3296 896 3358 postea
906 3284 1018 3360 Diony·
1059 3304 1145 3362 opus,
1158 3284 1236 3361 quod
1252 3285 1418 3359 Nicomedi,
1433 3284 1577 3358 bithyniae
1590 3286 1664 3358 regi,
1677 3284 1843 3349 dedicatur.

230 3377 292 3434 sins
304 3375 480 3451 Periegetes,
491 3376 575 3453 cujus
586 3397 661 3454 opus
668 3389 761 3434 exstat
770 3379 914 3452 integrum
924 3421 933 3450 ,
942 3377 1011 3436 dum
1058 3382 1158 3457 aliquo
1171 3380 1258 3438 modo
1272 3381 1420 3458 pertinere
1436 3382 1567 3439 omniunt
1590 3393 1635 3439 est
1648 3380 1712 3440 veri
1725 3381 1846 3440 similli-

233 3475 413 3551 reliquorum
421 3477 539 3534 nonnisi
549 3478 660 3548 minuta
675 3477 819 3551 fragmina
831 3477 877 3534 vel
893 3476 1019 3552 majores
1060 3497 1151 3548 tnnrn,
1166 3478 1328 3554 prasertim
1342 3497 1432 3553 quum
1447 3498 1508 3534 voit
1519 3479 1633 3554 εὐτυχῶς
1650 3477 1845 3536 dedicationis

231 3570 381 3645 particulae
392 3585 558 3646 supersunt.
1060 3570 1213 3629 formulam
1236 3571 1422 3629 subindicare
1444 3572 1588 3645 videatur,
1613 3573 1729 3647 qualem
1754 3571 1846 3631 habes

274 3667 340 3726 106.
354 3664 388 3722 Et
401 3678 506 3723 nostrae
517 3665 633 3742 quidem
650 3667 834 3744 periegeseos
848 3666 899 3744 qui
912 3668 1018 3725 l'actum
1059 3669 1145 3726 etiam
1158 3669 1324 3726 lllarcianeo
1336 3669 1536 3727 marisinterni
1545 3669 1662 3745 periplo
1674 3671 1823 3745 praelixam
1837 3693 1843 3724 :

232 3763 271 3817 sit
291 3773 323 3818 ut
338 3780 406 3837 pars
424 3762 510 3836 longe
523 3762 616 3838 major
632 3764 769 3838 perierit,
791 3783 879 3840 supra
892 3764 940 3840 (p.
955 3768 1017 3840 xit)
1060 3764 1212 3842 Μαρκιανὸς
1221 3767 1260 3842 τῷ
1269 3764 1364 3842 ἑταίρῳ
1372 3763 1534 3844 hppttatt'q
1545 3756 1575 3820 εὐ
1584 3764 1719 3841 πράττειν.
1730 3765 1846 3833 Quidni

233 3855 345 3911 monui.
372 3855 507 3913 Servatos
532 3857 562 3912 in
587 3856 686 3914 codice
716 3856 851 3914 Parisino
878 3857 1019 3915 habemns
1066 3861 1157 3934 igitur
1167 3873 1268 3918 nostro
1283 3861 1346 3918 loco
1361 3879 1424 3918 esse
1436 3873 1567 3937 poterat:
1585 3859 1729 3935 Νικομήδει
1741 3862 1849 3937 βασιλεῖ-

232 3947 347 4023 priores
365 3967 465 4006 versus
477 3958 550 4021 742,
565 3949 672 4034 qqibus
687 3950 845 4028 descriptio
857 3972 915 4008 orae
928 3952 1017 4008 linro·
1059 3953 1302 4032 reprimentiaque
1311 3955 1366 4031 (vel
1373 3954 1501 4033 εὐωχεῖν)
1511 3951 1845 4030 Μαρκτυνόςύὃοιὴυείυευ

231 4061 301 4118 paeae
319 4042 356 4100 ab
372 4043 505 4100 Herculis
517 4045 661 4102 columnis
675 4065 767 4121 usque
779 4046 815 4102 ad
829 4037 1016 4123 Apolloniam
1059 4050 1195 4109 Nostrum
1210 4053 1241 4108 in
1254 4051 1392 4128 Bithynia
1402 4070 1439 4108 ex
1454 4071 1490 4108 eo
1508 4052 1588 4127 quod
1608 4051 1746 4108 lleraclea
1758 4050 1845 4106 Pon-

230 4139 379 4197 Ponticam
395 4151 424 4196 et
446 4141 545 4218 paullo
566 4141 689 4199 ulterius
710 4141 881 4214 deducitur;
898 4144 1018 4220 reliquae
1059 4148 1115 4204 tica
1130 4149 1185 4205 sita
1194 4167 1257 4206 esse
1270 4149 1379 4206 dicitur
1390 4147 1485 4213 ἐντὸς
1505 4151 1557 4205 τῶν
1579 4147 1704 4206 Κυανέων
1718 4145 1766 4224 (r.
1784 4148 1845 4203 826

233 4233 356 4311 lloropae
367 4253 400 4291 ac
412 4235 499 4292 totius
509 4236 585 4293 Asiae
595 4235 753 4313 Libyaeque
762 4238 894 4314 periplus
904 4237 1016 4296 deside·
1058 4254 1086 4298 et
1112 4245 1205 4318 973),
1224 4242 1299 4300 bene
1322 4246 1436 4300 monuit
1455 4243 1629 4301 bleinckius.
1654 4240 1737 4300 Adde
1763 4240 1843 4315 qumi

231 4343 321 4399 ratur,
333 4330 390 4388 nisi
400 4330 479 4407 quod
490 4330 526 4388 dc
534 4331 664 4389 Ponticis
674 4333 845 4412 regionibns
857 4334 1017 4408 fragmenta
1058 4357 1086 4393 v.
1101 4358 1160 4412 920
1174 4338 1292 4394 Amisus
1312 4337 1407 4394 tribus
1420 4340 1505 4394 annis
1529 4349 1596 4393 ante
1617 4336 1780 4392 Heracleam
1796 4335 1848 4392 do-

155 4447 158 4452 ·
229 4425 341 4501 aliquot
354 4426 431 4503 apiud
445 4447 622 4504 anonymum
637 4414 834 4506 geographunr
850 4431 1017 4507 deprehen·
1058 4429 1740 4508 nicacoloniafrequentataessenarratur.Qnae
1751 4447 1844 4503 quum

233 4519 353 4589 damur,
368 4521 419 4595 qui
434 4522 523 4579 variis
533 4541 549 4579 e
561 4522 755 4600 scriptoribus
767 4525 912 4601 periplnm
930 4525 1016 4583 Ponti
1058 4538 1173 4602 tempus
1193 4525 1325 4583 deductae
1341 4527 1464 4583 coloniae
1477 4546 1537 4583 non
1552 4524 1687 4593 doceant,
1704 4522 1762 4579 nisi
1777 4521 1843 4596 jam

181 4661 183 4666 .
234 4613 338 4672 l‘lnxini
351 4616 520 4696 collegas).
533 4617 603 4674 Nam
619 4637 684 4694 qnae
696 4620 746 4676 ille
762 4639 797 4676 es
808 4621 886 4678 sonte
900 4622 1016 4697 poetico
1057 4624 1174 4678 noveris
1182 4621 1325 4678 lleracleae
1335 4621 1486 4678 historiam
1496 4663 1504 4689 ‚
1516 4619 1552 4676 de
1558 4617 1843 4696 quaposteadeunun

230 4710 383 4785 assumsit,
397 4710 483 4768 modo
512 4711 688 4771 verbotenus
720 4715 908 4791 transscripta
929 4716 1016 4772 modo
1057 4734 1094 4771 ex
1114 4715 1219 4772 ordine
1247 4715 1429 4792 periegeseos
1460 4727 1560 4771 auctor
1592 4725 1705 4782 monet,
1728 4711 1843 4769 facilem

233 4804 394 4880 paullulum
410 4817 529 4876 mutata,
543 4825 577 4862 ea
590 4825 628 4863 ex
637 4819 737 4864 nostro
751 4828 839 4885 opere
849 4810 938 4886 petita
952 4829 1015 4867 esse
1056 4810 1280 4886 explicationem
1295 4807 1422 4883 habent,
1444 4810 1470 4866 si
1486 4821 1586 4865 auctor
1602 4807 1770 4865 lleracleota
1790 4805 1847 4862 snit

230 4899 298 4956 inde
318 4899 504 4973 intelligitur,
525 4899 603 4976 quod
635 4901 759 4977 primam
780 4922 880 4959 eorum
904 4917 1014 4979 partem
1057 4916 1085 4960 et
1099 4924 1160 4978 prae
1174 4904 1279 4961 ceteris
1297 4904 1414 4977 scripsit
1425 4901 1542 4960 civibus
1556 4902 1625 4959 suis.
1646 4902 1782 4976 lienique
1796 4919 1844 4956 rs.

230 4995 368 5054 habemus
378 4997 408 5053 in
424 4995 524 5052 codice
536 4995 669 5054 Parisino
683 5001 875 5075 superstitem.
1058 4999 1095 5055 56
1107 5018 1138 5056 se
1152 4999 1333 5073 consuluisse
1340 4997 1410 5054 dicit
1423 4997 1566 5073 Didymai
1581 4995 1729 5073 Apollinis
1740 5014 1847 5050 oracu-

274 5111 338 5161 ro7.
347 5090 457 5148 Nomen
470 5091 610 5160 auctoris,
620 5092 698 5166 qaod
709 5111 767 5149 nna
777 5113 841 5150 cunr
853 5092 1014 5152 tituloliliri
1056 5092 1117 5149 lum
1129 5092 1290 5164 Milesium,
1310 5092 1390 5168 qnod
1408 5092 1525 5168 quidem
1547 5103 1613 5149 ante
1628 5103 1722 5148 cetera
1735 5088 1847 5146 adierit

261 5269 292 5326 (*)
310 5267 399 5315 Praeter
412 5265 476 5314 hunc
487 5265 548 5316 duos
559 5267 636 5316 Nostri
648 5279 729 5316 versos
744 5281 791 5316 non
802 5269 897 5317 laniato
907 5271 1006 5318 arrclorc
1020 5269 1091 5321 dfert
1107 5273 1241 5333 Stephanus
1256 5273 1311 5331 Byr..
1330 5283 1352 5317 r
1367 5269 1532 5325 Διονυσόπολις
