3950 5925
254 455 322 497 xxrr
907 430 1205 492 rnotuaottetts.

254 570 410 633 Poenorum
429 570 576 630 invenitur
602 569 747 639 conditio,
772 587 829 645 qua
853 566 889 625 ab
904 568 1032 625 externis
1079 580 1179 626 extero
1193 567 1335 627 vacabant
1349 581 1377 626 et
1387 568 1493 626 deinde
1506 584 1564 625 non
1584 566 1705 644 appetiti
1723 587 1741 625 a
1757 567 1861 630 Siculis

254 667 389 747 populis,
403 685 528 743 quornm
543 678 634 723 terras
654 664 784 721 trandum
801 662 1034 739 occupavissent,
1079 662 1157 721 bello
1171 677 1238 721 sunt
1255 663 1305 721 sed
1321 664 1378 741 ipsi
1391 682 1442 722 ecs
1459 664 1604 739 aggressi3
1617 663 1860 740 quemadmodum

254 766 351 822 minus
373 774 448 819 esset
473 759 650 828 timendum,
675 776 762 835 quam
792 757 862 815 felix
885 756 934 813 illu
956 776 1036 834 sors,
1079 759 1172 817 autein
1183 759 1313 833 singulas
1324 759 1383 816 tere
1394 758 1491 817 clades
1499 759 1531 817 in
1540 757 1779 836 Siciliaacceptaa
1791 760 1861 819 sab·

253 879 318 935 qua
337 858 507 936 reipublicae
526 870 591 915 ante
605 856 683 915 bella
694 858 726 915 in
744 857 846 917 Sicilia
860 870 938 932 gesta
950 858 1034 914 0404-
1079 864 1207 911 secutum
1232 864 1275 909 est
1293 851 1485 910 domesticum
1502 850 1613 911 bellura
1636 863 1738 909 contra
1758 853 1862 911 ttricae

253 949 335 1021 gerit.
355 948 410 1005 Sed
426 945 544 1023 Libycae
559 958 672 1021 gentes,
690 947 765 1005 duro
784 959 891 1005 tautum
910 946 1034 1022 irnperio
1078 947 1205 1025 populos
1216 944 1859 1023 siveliberossivesubjectossustinendum:

215 1066 218 1073 ·
254 1047 396 1117 coercita,
413 1058 519 1105 metum
533 1044 655 1120 injicere
668 1057 819 1121 poterant,
833 1044 858 1102 si
872 1043 1037 1121 Libyphoe-
1078 1041 1122 1098 sic
1142 1040 1394 1119 postllimerense
1413 1058 1531 1117 quoque
1550 1038 1745 1099 infortunium
1762 1056 1863 1101 contra

253 1144 348 1213 nicos,
366 1160 490 1218 quorum
520 1140 702 1199 necessitudo
726 1159 807 1215 aeque
831 1140 867 1198 ad
887 1140 1037 1215 Carthagi·
1080 1142 1186 1219 libyes
1201 1143 1253 1201 dia
1269 1142 1458 1220 pugnandam
1474 1143 1564 1201 laima
1581 1156 1683 1201 auctor
1693 1156 1739 1202 est
1748 1145 1862 1221 Trogus

253 1240 367 1297 aienses
381 1249 468 1315 atque
477 1236 513 1295 ad
523 1236 631 1313 Libyes
642 1236 822 1314 pertinebat,
834 1257 898 1295 cum
911 1237 958 1295 his
969 1257 1038 1295 coa·
1079 1238 1248 1317 Pompejus.
1264 1239 1357 1308 Quam
1382 1252 1516 1317 potentes
1531 1238 1626 1298 adbuc
1644 1239 1743 1299 hostes
1753 1256 1860 1313 essent,

252 1335 343 1409 juncti
357 1346 459 1392 contra
470 1346 636 1411 usurpatam
648 1332 876 1391 dominationem
889 1352 968 1390 arma
982 1334 1037 1391 ler-
1080 1353 1115 1392 er
1130 1354 1166 1391 eo
1181 1334 1274 1410 liquet
1288 1334 1366 1410 quad
1379 1334 1504 1409 vectigal
1524 1334 1563 1393 iis
1574 1356 1629 1412 pro
1639 1336 1704 1393 solo
1718 1335 1804 1395 urbis
1817 1338 1861 1395 vel

254 1442 329 1488 rent.
339 1428 424 1498 Quod
432 1426 894 1505 periculum,crescentelrostium
902 1446 1035 1498 numero,
1080 1442 1149 1487 tunc
1161 1428 1354 1507 pendebatur.
1371 1429 1405 1487 ln
1418 1429 1475 1487 hoc
1485 1431 1576 1505 igitur
1587 1430 1665 1489 bello
1675 1452 1763 1509 quam
1774 1434 1863 1491 mari·

252 1546 288 1583 eo
316 1526 408 1600 magis
430 1523 617 1595 imminebat,
642 1543 733 1601 quum
755 1522 982 1602 Libyphoenices
1005 1525 1037 1583 in
1081 1543 1127 1581 me
1141 1523 1302 1581 verendum
1318 1538 1381 1582 erat
1399 1544 1436 1582 ne
1455 1526 1551 1584 socios
1568 1527 1692 1585 dirisse
1706 1526 1864 1603 jungerent

254 1622 377 1699 Byzacio
392 1633 421 1680 et
435 1620 466 1679 in
485 1618 611 1679 urbibus
630 1621 785 1680 maritimis
799 1621 835 1678 ad
851 1633 956 1678 tantam
977 1623 1037 1678 tre·
1082 1618 1326 1697 Libyphoenices,
1341 1642 1401 1679 non
1417 1620 1524 1681 bellica
1533 1622 1652 1700 quidem
1671 1624 1717 1684 illi
1737 1625 1863 1697 virtute,

254 1719 403 1793 quantiam
429 1718 506 1775 aucti
521 1728 631 1787 essent,
648 1727 814 1791 tantamque
830 1716 908 1792 apud
926 1728 1037 1774 ceteros
1081 1728 1109 1771 at
1119 1734 1241 1774 numero
1254 1716 1365 1792 ingenti
1380 1719 1510 1776 valentes
1523 1731 1552 1775 et
1563 1717 1633 1776 odio
1643 1718 1864 1794 Carthaginien·

254 1812 339 1870 lllros
360 1811 501 1869 haberent
521 1811 737 1881 anctoritatem,
753 1822 786 1867 ut
804 1808 883 1866 bello
896 1820 1037 1884 terrage-
1081 1811 1173 1881 siam,
1196 1812 1247 1888 qui
1270 1812 1447 1871 immanibus
1469 1831 1519 1871 eos
1536 1812 1707 1889 premebant
1729 1814 1864 1886 tributis,

255 1909 346 1967 rendo
359 1909 411 1965 vix
423 1907 552 1985 superati
573 1906 676 1963 forent.
694 1904 794 1981 ltaque
808 1906 982 1975 emiserunt,
1006 1920 1039 1963 ut
1082 1906 1153 1965 adeo
1165 1920 1198 1964 ut
1211 1928 1269 1965 una
1282 1907 1381 1986 Leptis
1397 1909 1502 1967 civitas
1511 1922 1639 1967 trecenta
1650 1913 1809 1987 quotannis
1824 1926 1864 1969 ta·

253 2021 353 2059 eorum
369 2002 476 2079 optatis
491 2000 700 2059 satisfacerent
715 1998 944 2075 divitiarumque
954 2000 1037 2076 cupi·
1083 2001 1159 2059 lenta
1173 2001 1299 2059 solveret
1310 2004 1318 2076 l
1329 2003 1395 2060 tiv.
1414 2002 1544 2078 Xllllll',
1560 2006 1598 2061 62
1608 2006 1627 2081 i.
1638 2004 1739 2081 ltaque
1752 2026 1866 2085 perop-

253 2099 370 2156 ‹litatem
381 2097 548 2175 explerent,
558 2096 677 2171 triginta
690 2094 783 2153 millia
792 2092 1037 2173 Libyphoenicum
1082 2109 1239 2173 portarium
1254 2096 1328 2155 illud
1345 2112 1458 2176 tempus
1469 2112 1549 2171 erat,
1570 2119 1631 2176 quo
1647 2101 1862 2178 impendentem

253 2192 288 2250 ad
304 2212 396 2251 noras
418 2192 549 2251 colonias
562 2191 593 2248 in
614 2210 667 2247 nra
687 2191 833 2249 maritima
845 2191 1037 2248 versusocci-
1083 2206 1278 2270 tempestatem
1296 2195 1327 2253 in
1343 2196 1516 2272 longinquas
1538 2197 1638 2274 plagas
1657 2211 1821 2257 averterent
1832 2200 1864 2276 ζ’)

252 2290 366 2347 (lentem
385 2289 442 2345 sita
469 2286 632 2345 condendas
655 2300 842 2363 veterumque.
865 2286 1038 2344 Phoenicum
1082 2307 1115 2345 ac
1130 2307 1206 2345 nora
1220 2290 1462 2347 commerciorum
1476 2290 1630 2349 commoda
1642 2291 1755 2368 majore
1768 2296 1866 2371 reipu-

253 2386 385 2463 emporia
415 2385 501 2443 novis
533 2384 640 2442 incolis
665 2382 889 2460 frequentanda,
918 2384 1040 2441 fortasse
1084 2381 1169 2439 blicae
1181 2384 1335 2441 securitate
1352 2398 1563 2461 compararent.
1580 2386 1644 2443 lluc
1662 2388 1774 2445 accedit
1789 2392 1865 2466 quod

253 2482 339 2539 etiam
348 2480 549 2557 ‹leprimenda.
560 2478 626 2536 't'ati
635 2492 730 2537 autem
738 2479 924 2538 multitudine
933 2480 1039 2537 emissa
1082 2478 1185 2535 ducem
1196 2476 1391 2554 expeditionis
1406 2479 1496 2537 luisse
1506 2480 1597 2539 hlium
1608 2481 1803 2559 potiusquam
1814 2505 1865 2562 pa-

253 2574 542 2649 Carthaginiensibus
557 2574 669 2633 nullutn
691 2587 720 2633 et
734 2574 842 2631 virium
857 2586 885 2631 et
900 2575 1038 2652 potentiae
1083 2587 1155 2631 trem
1170 2574 1344 2633 Hamilcaris
1354 2573 1805 2655 suaderepossitPliniusll,67,
1815 2581 1866 2639 uhi

253 2672 456 2729 detrimentum
479 2692 515 2727 ea
535 2685 644 2727 tantum
670 2684 766 2745 aetate,
778 2692 842 2745 qaoe
859 2685 925 2727 anta
943 2673 1040 2727 Sicula
1083 2670 1328 2742 haectEtHanno,
1344 2672 1797 2747 Carthaginispatentiaflorente,
1811 2684 1865 2731 cir·

254 2768 329 2821 bella
346 2773 534 2841 precesserit,
551 2764 653 2823 inferri
678 2766 807 2843 potuisse
831 2766 980 2823 manifeste
1002 2785 1040 2823 ex
1082 2778 1234 2822 contrectas
1250 2787 1270 2820 0
1290 2768 1462 2821 Gaclibasad
1470 2768 1564 2840 finem
1572 2772 1688 2825 Ambioe
1704 2777 1866 2843 aurigatio-

255 2859 379 2918 historia
399 2872 527 2937 apparet.
547 2886 558 2910 i
580 2860 647 2917 llaec
669 2858 809 2933 Klugius,
833 2878 918 2936 quem
948 2862 977 2916 in
993 2860 1040 2918 his
1083 2881 1146 2917 neni
1158 2881 1221 2917 eam
1232 2863 1359 2935 prodidit
1367 2866 1469 2935 scripto
1483 2883 1492 2915 .·
1505 2866 1624 2918 sicatad
1630 2877 1729 2920 catera
1740 2863 1883 2939 Europoe'

254 2977 372 3033 quoque
395 2956 491 3015 minus
516 2955 698 3015 confidenter
722 2955 849 3016 locutum
876 2977 939 3015 esse
952 2958 1038 3016 velis.
1082 2958 1567 3031 noscendamissaseodemtempore
1575 2960 1706 3016 Himilco.
1719 2958 1868 3021 Proclivis

254 3052 389 3110 Potuisse
403 3053 520 3129 quidem
534 3065 600 3110 ante
613 3052 722 3110 bellum
740 3052 870 3111 Siculum
890 3055 973 3111 istam
989 3051 1039 3110 Li·
1083 3053 1162 3110 enim
1187 3051 1316 3128 suspicio
1340 3063 1384 3108 est
1409 3051 1536 3110 indicari
1559 3052 1754 3115 Himilconem
1781 3077 1865 3134 quem

253 3146 463 3227 byphoenicum
494 3148 710 3206 multitudinem
730 3150 761 3206 in
786 3149 914 3206 colonias
936 3149 1037 3224 educi,
1086 3145 1203 3202 fratrem
1214 3144 1367 3202 Hannonis
1382 3144 1408 3201 ll
1420 3146 1508 3204 fuisse
1518 3145 1650 3207 iustiora
1659 3150 1767 3227 prodit.

254 3263 349 3320 neque
364 3251 438 3318 nego
464 3261 557 3319 neque
578 3243 694 3300 affirmo
716 3244 803 3316 (nam
820 3263 884 3319 quae
908 3244 938 3300 in
962 3243 1039 3320 ejus·
1126 3239 1158 3297 ln
1171 3240 1225 3298 hac
1246 3239 1336 3315 igitur
1359 3239 1395 3297 de
1418 3260 1543 3318 persona
1562 3257 1591 3301 et
1615 3257 1697 3302 aetate
1716 3244 1867 3305 llannonis

255 3337 335 3398 arodi
355 3337 443 3396 rebus
465 3336 607 3412 Carthago
629 3351 698 3394 tunc
717 3350 875 3414 praestare,
899 3358 964 3413 qnae
979 3357 1037 3395 non
1084 3338 1256 3414 quaestione,
1266 3357 1331 3412 quae
1341 3336 1559 3413 probabilitatis
1567 3342 1664 3418 specie
1678 3343 1769 3418 magis
1782 3363 1866 3419 quam

252 3435 388 3514 potuerit,
399 3434 466 3512 quis
478 3436 554 3493 scire
561 3454 594 3492 se
601 3419 776 3510 glorietur'li
790 3447 898 3507 ;atnon
911 3433 1041 3512 potuisse
1086 3433 1318 3493 testimoniorum
1332 3433 1461 3512 pondere
1469 3435 1658 3512 dijudicanda
1669 3451 1723 3508 est,
1735 3440 1867 3497 certioris

254 3529 331 3588 idem
346 3530 433 3588 etiam
443 3543 544 3607 postea
561 3531 643 3601 lieri,
665 3545 775 3589 tantum
789 3530 884 3602 abest,
903 3545 980 3588 uter
991 3531 1039 3592 hi-
1085 3531 1204 3608 quidem
1220 3531 1294 3588 nibil
1306 3531 1447 3588 affirmari
1458 3543 1567 3608 potest,
1586 3533 1652 3590 reri
1668 3546 1763 3592 tamen
1779 3537 1868 3594 simil-

253 3626 344 3683 storia
357 3636 554 3701 appareat‚ut
568 3637 628 3682 tum
643 3627 769 3682 maxime
781 3625 885 3682 sactum
901 3643 965 3682 esse
976 3645 1039 3682 cre·
1085 3627 1185 3685 limum
1211 3627 1345 3685 ducimus
1374 3640 1536 3706 susceptam
1559 3629 1773 3706 expeditionem
1807 3652 1867 3690 esse

253 3720 374 3778 dideris.
394 3719 473 3786 Quid
492 3719 589 3776 enimi
608 3720 679 3778 Post
701 3720 810 3778 cladem
839 3721 1039 3778 lliinerensem
1085 3721 1182 3779 medio
1196 3723 1254 3779 lere
1267 3723 1365 3780 secula
1380 3724 1484 3799 quinto
1495 3724 1530 3796 (c.
1547 3743 1595 3784 an.
1608 3726 1694 3801 470),
1706 3725 1867 3803 ducemque

254 3814 509 3888 Carthaginienses
532 3833 585 3892 per
606 3835 698 3874 annos
720 3817 903 3894 septuaginta
929 3837 946 3873 a
959 3816 1040 3876 bello
1087 3817 1175 3875 luisse
1186 3817 1358 3876 llannonem
1370 3819 1463 3876 lilium
1477 3819 1652 3879 llamilcaris
1664 3821 1725 3901 Γ).

285 3951 316 4010 (*)
332 3953 367 4000 De
377 3949 494 4011 ejusmodi
505 3951 649 4012 populorum
661 3951 826 4014 subjectorum
840 3953 1047 4016 depactationibus
1057 3953 1121 4016 aprrd
1131 3955 1217 4016 Tyrios
1229 3957 1254 4004 et
1270 3955 1479 4016 cartlragiateases
1488 3971 1512 4006 r.
1523 3959 1617 4009 ttovers
1627 3961 1643 4009 l.
1655 3961 1671 4009 l.
1687 3975 1709 4023 p
1725 3967 1753 4012 rt
1765 3977 1820 4026 sqq.

283 4025 328 4084 (¹*)
344 4022 384 4072 sio
393 4022 455 4071 inter
468 4023 614 4084 antiquiores
625 4027 762 4074 statuerant
773 4025 870 4075 Florlan
880 4025 1014 4087 d'ocampo
1023 4028 1138 4075 44404ον40
1149 4030 1233 4089 antiq.
1246 4025 1278 4077 cle
1288 4027 1414 4090 004001.
1429 4032 1472 4088 tlt,
1481 4043 1504 4077 a
1515 4033 1564 4080 tet
1576 4036 1600 4080 0.
1612 4035 1637 4080 04
1647 4033 1752 4082 tiamne
1766 4039 1864 4086 tristor.

253 4097 284 4146 de
299 4092 395 4158 Espmi.
405 4094 422 4146 l.
434 4097 454 4155 l,
464 4107 485 4142 c.
496 4100 534 4152 tt,
546 4094 635 4144 citaate
648 4095 726 4145 Gallio
738 4100 758 4156 l,
771 4110 795 4159 p.
809 4101 848 4157 03,
860 4098 923 4147 iuter
932 4109 1101 4159 nuperasvero
1115 4098 1188 4146 Fuhr.
1203 4097 1315 4159 Pytheas
1328 4112 1378 4148 aaa
1385 4101 1506 4150 Massilia
1519 4101 1602 4163 (1044)
1619 4115 1642 4163 p.
1659 4110 1702 4163 tr;
1716 4107 1814 4156 440400
1824 4107 1866 4156 tt.

254 4165 342 4216 Eodem
354 4163 416 4214 redit
429 4165 546 4213 sententia
561 4167 676 4214 ttannerti
686 4201 693 4226 ,
704 4170 722 4225 l,
736 4180 760 4228 p.
777 4175 805 4217 52
817 4183 824 4214 :
842 4185 854 4209 «
871 4170 956 4216 Hunno
973 4168 1003 4217 ist
1012 4169 1210 4217 watrischeialich
1221 4169 1339 4219 ttcrodots
1349 4171 1498 4231 zeitgenosse
1508 4172 1567 4221 oder
1580 4174 1702 4223 viellelclrt
1713 4179 1792 4226 etwas
1801 4180 1868 4228 alter

253 4239 288 4286 als
299 4235 383 4284 dieser.
397 4255 409 4279 s
423 4247 568 4297 quamquam
587 4236 766 4286 certiortsnttst
782 4251 851 4300 posse
862 4239 993 4287 asseverari
1012 4239 1073 4288 bene
1085 4238 1188 4289 monuit.
1210 4241 1351 4289 Hannonem
1366 4243 1459 4302 patrem
1482 4240 1624 4292 Hamilcaris
1640 4242 1702 4293 ciros
1716 4259 1756 4294 aa.
1770 4254 1818 4298 510
1830 4251 1867 4300 vel

254 4314 300 4358 000
310 4306 347 4355 rel
358 4309 404 4356 400
414 4305 589 4368 navigationem
603 4309 735 4368 suscepisse
746 4310 883 4357 statuerunt
897 4312 989 4358 tteerea
1004 4307 1082 4360 ldeen
1094 4312 1126 4368 lt,
1141 4322 1165 4370 p.
1184 4311 1228 4358 707
1237 4326 1245 4369 ;
1255 4311 1347 4370 llugius
1356 4313 1382 4358 et
1394 4309 1496 4371 Illagias
1506 4311 1531 4360 iu
1540 4310 1596 4360 edd.
1612 4312 1713 4374 Peripli3
1725 4318 1868 4379 14000004οι·

252 4391 290 4425 sor
300 4377 324 4424 in
341 4376 432 4426 tt'rsclt.
446 4389 473 4426 0.
488 4375 597 4435 ducier,
606 4389 625 4424 s.
638 4390 661 4426 r.
674 4380 772 4436 ttaano;
785 4378 861 4427 Ulert
871 4381 891 4436 t,
904 4395 927 4440 p.
944 4385 969 4430 01
980 4395 989 4438 ;
999 4380 1113 4441 Forbiger
1126 4383 1145 4437 4,
1155 4392 1177 4441 p.
1190 4383 1273 4427 aleta
1286 4379 1370 4428 —alii
1384 4379 1562 4442 navigationem
1574 4381 1707 4434 detrrrdaat
1720 4385 1747 4434 ia
1759 4389 1868 4450 tempora

252 4446 357 4497 secundo
370 4445 524 4494 4014004000
535 4443 678 4508 posteriora,
691 4445 752 4496 0440
768 4451 914 4497 00000400
933 4451 1056 4512 Haaerus(
1068 4452 1155 4512 Geopr.
1168 4449 1331 4499 4440400004
1340 4453 1358 4498 t.
1374 4451 1395 4508 l,
1415 4463 1438 4511 p.
1453 4450 1528 4510 400),
1545 4450 1570 4500 40
1580 4465 1620 4501 aa.
1636 4457 1682 4504 404
1692 4455 1867 4517 campomaaes

254 4519 263 4578 4
278 4518 311 4567 Et
319 4516 420 4580 periplo
431 4515 462 4567 de
479 4515 571 4568 4404400
587 4517 718 4568 ilustrado
736 4532 760 4581 p.
776 4524 811 4568 tt.
824 4520 832 4580 )
843 4520 1017 4577 etttaltebrun
1028 4525 1115 4583 Geogr.
1128 4523 1147 4580 l,
1158 4535 1181 4582 p.
1194 4522 1233 4570 70.
1249 4547 1280 4560 -
1298 4522 1390 4570 contra
1404 4519 1435 4569 ad
1444 4533 1535 4570 aunum
1548 4522 1597 4571 tere
1615 4527 1662 4574 070
1672 4537 1723 4574 rem
1733 4529 1868 4578 retulerant

254 4587 439 4650 Battgainritlins
451 4590 521 4638 item.
536 4589 567 4636 ‹le
582 4588 640 4639 l'tc.
654 4593 673 4639 t.
688 4591 790 4640 44444441
802 4627 808 4650 ,
818 4603 841 4652 p.
855 4596 901 4640 ttt
911 4593 918 4648 t
929 4593 971 4653 004
982 4597 1098 4656 praterea
1108 4592 1181 4641 etiam
1190 4589 1250 4640 alias
1260 4590 1376 4652 quasdam
1382 4591 1661 4654 malealiaspropinavtt
1670 4595 1689 4655 ),
1699 4597 1867 4648 sainte-croix

187 4657 189 4662 “
254 4659 306 4718 (ib.
317 4660 336 4706 t.
352 4660 426 4717 Xltl,
437 4670 459 4719 p.
473 4659 544 4716 070),
560 4659 708 4708 Fallronems
724 4660 775 4710 rte
786 4673 880 4722 rapape
889 4661 920 4722 os
931 4665 1024 4713 440000
1036 4661 1194 4720 translated,
1209 4663 1257 4710 etc.
1269 4661 1368 4710 Dissert.
1382 4664 1412 4720 14,
1427 4675 1451 4724 p.
1462 4667 1502 4712 00.
1514 4663 1557 4712 llis
1568 4677 1594 4713 se
1607 4664 1701 4715 addixit
1716 4668 1810 4718 Gailius
1823 4674 1866 4720 Gr.

254 4727 312 4776 min.
324 4730 342 4786 t,
356 4741 379 4789 p.
391 4733 435 4786 tt,
451 4729 491 4776 cui
507 4731 591 4778 ltanno
603 4735 639 4779 est
653 4731 732 4780 illaad
744 4735 819 4794 'quem
839 4732 934 4793 scripsit
948 4735 1100 4784 Anacharsis.
1114 4754 1125 4777 a
1140 4733 1217 4793 Huic,
1231 4733 1326 4794 400044,
1343 4745 1387 4794 ego
1397 4732 1495 4795 quidem
1507 4748 1557 4783 noa
1568 4749 1632 4796 ogre
1652 4737 1749 4788 laudeni
1761 4743 1866 4804 suscepti

253 4799 343 4850 itineris
354 4798 487 4858 tribuerim,
500 4801 539 4848 cai
551 4813 626 4862 qnam
640 4803 754 4860 gratulari
770 4803 897 4852 debuerint
904 4804 1052 4856 celeberrimi
1063 4818 1115 4854 suaa
1126 4803 1268 4864 alathviri,
1284 4807 1337 4852 lum
1354 4803 1450 4854 videtur
1461 4819 1534 4855 arant
1545 4806 1621 4856 deeras
1633 4809 1701 4870 quasi
1709 4812 1866 4872 exprobrare,

253 4868 398 4931 paupertatis
407 4881 505 4938 amans,
521 4870 674 4931 tnacltarsts,
693 4872 756 4934 qnod
769 4887 843 4923 noros
856 4873 996 4923 divitiarum
1008 4877 1085 4926 tontes
1097 4877 1245 4939 quaesiverit.
1260 4896 1273 4919 n
1289 4879 1373 4936 Porro,
1390 4890 1422 4927 ne
1439 4878 1498 4940 quid
1513 4879 1636 4940 omittam,
1654 4885 1752 4931 tamara
1765 4885 1866 4935 Vossius

253 4941 261 4996 t
273 4939 308 4986 De
317 4936 415 5008 niagnit.
429 4938 511 4987 carllr.
527 4953 550 5000 p.
565 4945 594 4988 52
607 4941 616 5000 )
630 4943 654 4989 et
674 4943 812 4992 Gosselians
828 4945 1022 5005 (Reclrerchess.
1043 4948 1059 4997 l.
1069 4949 1149 5009 geogr.
1163 4951 1183 5002 l.
1197 4960 1222 5006 p.
1247 4951 1289 4997 tat
1302 4948 1441 5010 )0οι401004
1457 4949 1575 5011 scripturn
1588 4963 1641 5000 essc
1655 4955 1772 5012 prrlemut
1785 4957 1867 5015 paullo

254 5010 307 5069 post
318 5009 355 5056 ret
365 5007 438 5056 etiarn
449 5009 505 5056 anto
519 5009 617 5068 Troica,
631 5013 695 5060 nerle
704 5017 761 5061 ante
772 5016 869 5062 mutem
882 5015 987 5072 44004004,
1001 5016 1043 5078 004
1052 5017 1143 5078 primus
1153 5017 1185 5066 de
1195 5017 1345 5079 6040004400
1354 5018 1460 5068 tabulam
1470 5020 1591 5078 narrarit,
1606 5019 1688 5070 liciam
1698 5022 1789 5072 scilicet
1799 5024 1865 5074 illam

253 5091 281 5126 er
297 5079 326 5126 iis
338 5091 394 5140 qrrra
406 5078 436 5128 de
451 5079 548 5129 Gorillis
559 5079 623 5141 apud
640 5085 780 5133 Hannonem
794 5085 913 5145 legantur.
925 5088 1002 5136 vossii
1021 5089 1122 5150 ineptias
1141 5087 1243 5138 veritosa
1254 5089 1417 5151 disputatione
1431 5090 1518 5140 retellit
1530 5091 1669 5142 4400004400
1689 5092 1822 5152 (Dissert.
1832 5095 1865 5144 de

253 5160 312 5196 nero
328 5148 437 5210 Peripli,
449 5151 496 5211 004
512 5155 644 5201 44000000
657 5156 759 5202 pontiae
770 5155 968 5216 citeantsertnr,
981 5159 1094 5220 tempore
1104 5159 1127 5206 in
1145 5158 1251 5208 ilndsoa.
1265 5161 1296 5208 G.
1315 5160 1376 5210 4440.
1389 5161 1450 5209 toan
1463 5162 1509 5222 lie
1522 5161 1572 5223 ipsa
1582 5164 1664 5212 aulem
1679 5164 1796 5226 0004040οι
1813 5173 1865 5216 ast

254 5219 333 5266 conset
346 5217 487 5266 anteriorem
498 5219 575 5280 primo
587 5219 651 5268 hello
661 5221 763 5280 Punico,
776 5224 973 5287 000000000Ιο0
986 5225 1159 5277 florentissimis
1169 5228 1253 5280 canti.
1269 5230 1418 5290 temporibus
1427 5231 1531 5292 scriptus
1539 5244 1591 5280 aare
1602 5233 1769 5294 prerlnbeatuu
1781 5237 1808 5284 al
1815 5249 1864 5284 uon

254 5285 357 5346 putruisse
369 5285 528 5349 antiquitatem
540 5302 590 5340 essa
599 5289 683 5352 primis
696 5303 777 5340 rerum
793 5294 897 5358 carthag
922 5296 1039 5347 historicis
1054 5299 1147 5361 grincis.
1160 5301 1222 5350 Nam
1234 5300 1326 5350 etianssi
1335 5303 1406 5352 antea
1421 5301 1472 5362 iam
1487 5303 1623 5354 tlcnrlssent
1638 5306 1863 5369 carttiapaisasea
