3950 5925
92 446 144 516 aa
566 423 569 429 ’
638 440 963 505 cerrenus-mnis
985 442 1206 503 surenam.
1667 462 1721 509 aa

111 568 196 635 δείους
210 567 255 625 καὶ
272 566 421 645 ὑδρεύματα
438 566 583 647 γλυκύτιρα
600 570 683 648 [καί]
699 572 836 649 κρείσσονα
851 574 897 643 τῆς
943 580 1721 654 aquationesdulcioresetprastarrtioeesquamOcelisliabet.

112 652 679 735 ’οκήλειοςίχουσα,ἤδηδίίνόρχῇκόλπου
692 656 898 737 κειμένητῷτὴν
942 668 1012 722 Situs
1018 666 1073 738 jam
1085 678 1124 721 est
1134 670 1161 721 in
1171 670 1247 721 initio
1256 670 1339 733 sinus,
1351 686 1431 739 quam
1444 687 1491 721 ora
1500 669 1621 739 refugiat.
1660 672 1724 723 Feli·

135 742 207 822 όνραν
219 740 384 820 ὑποφεύγειν.
427 742 569 818 Εὐδαίμων
581 744 604 801 δ’
619 744 761 816 ἐπεκλήθη,
774 745 897 825 πρότερον
942 754 979 805 eis
991 740 1054 806 vero
1069 772 1215 824 cognomen
1227 765 1318 807 nactus
1329 765 1384 818 est,
1400 772 1483 824 quum
1496 757 1570 825 prius
1585 754 1648 808 urbs
1662 757 1725 809 luis-

112 852 181 887 ουσα
194 828 284 906 πόλις,
299 830 355 901 ότι,
373 828 455 905 μήπω
477 828 530 887 ἀπὸ
549 834 594 901 τῆς
607 829 719 903 Ἰνδικῆς
737 833 772 898 εἰς
785 830 831 901 πλν
848 835 898 891 At·
942 849 995 903 set,
1012 838 1136 908 quando,
1155 840 1242 895 nautis
1256 840 1376 893 nondum
1392 858 1425 892 ex
1441 840 1518 893 India
1536 842 1563 893 in
1583 842 1724 913 AEgyptum

82 939 97 975 ο
115 938 213 993 γυπτον
234 916 383 996 ἐρχομένων
396 914 462 993 μηδὲ
475 915 527 975 ἀπὸ
543 916 621 995 [τῆς]
635 918 770 995 Αἰγύπτου
781 920 899 995 τολμών·
942 924 1182 994 proficiscentibus,
1198 942 1283 996 neque
1295 943 1328 978 er
1342 925 1453 997 AEgypto
1465 926 1492 977 in
1503 927 1633 979 interioris
1647 931 1732 981 maris·

111 1026 165 1059 των
180 1006 215 1069 είς
235 1002 294 1070 τοὺς
318 1002 371 1062 ἔσω
389 1003 485 1071 τόπους
507 1002 627 1083 διαίρειν,
646 994 705 1063 ἀλλ’1
724 1004 787 1084 ἄχρι
802 1005 898 1077 ταύτης
941 1009 997 1062 loca
1016 1009 1134 1081 trajicere
1146 1010 1374 1075 conantibus,scd
1394 1013 1499 1065 nonnisi
1518 1011 1552 1064 ad
1562 1013 1629 1065 hane
1642 1032 1726 1089 usqim

113 1092 341 1171 παραγινομένων,
356 1090 414 1158 τοὺς
425 1094 489 1170 παρ’
503 1092 658 1171 οίμροτίρων
675 1090 783 1172 φόρτους
800 1092 898 1152 daedi·
942 1094 1035 1147 urbem
1056 1096 1236 1161 venientibus,
1256 1096 1290 1149 ab
1310 1098 1429 1167 utrisque
1452 1115 1550 1150 merces
1570 1100 1724 1170 recipiebat,

115 1204 190 1257 χετο,
203 1179 293 1259 ὥσπερ
306 1178 483 1258 Ἀλεξάνδρεια
497 1178 541 1237 καί
552 1182 603 1237 τῶν
616 1178 708 1247 ἔξωθεν
721 1181 830 1239 καὶτῶν
845 1180 898 1238 ἀπὸ
941 1180 1167 1250 quemadmodum
1179 1180 1337 1235 Alexandria
1350 1192 1377 1234 et
1386 1193 1506 1236 externas
1519 1202 1617 1237 merces
1628 1195 1655 1237 et
1667 1204 1726 1255 qua

114 1272 162 1337 τῆς
177 1266 311 1345 Αἰγύπτου
324 1266 472 1347 φερομένων
484 1266 652 1345 ἀποδέχεται.
696 1268 751 1327 Νῦν
765 1264 792 1325 il
806 1267 898 1347 οὐπρὸ
941 1284 973 1319 ex
981 1266 1255 1338 AEqtptoalleruotar,
1263 1267 1365 1337 recipit.
1384 1268 1461 1319 Nunc
1469 1286 1531 1319 vcro
1539 1286 1592 1321 non
1600 1270 1635 1322 ita
1643 1272 1727 1323 multo

66 1374 97 1411 ro
116 1356 215 1412 πολλοῦ
228 1357 279 1411 τῶν
290 1354 424 1433 ἡμετέρων
433 1353 533 1435 χρόνων
544 1356 651 1433 Καῖσαρ
663 1352 744 1427 αὐτὴν
757 1354 897 1435 κατεστρί·
941 1364 1001 1406 aute
1024 1363 1112 1407 nostra
1132 1364 1249 1425 tempora
1270 1354 1356 1407 cesar
1375 1352 1385 1425 (
1401 1354 1534 1423 Elisarr)
1553 1374 1610 1409 caru
1633 1358 1725 1411 urbem

138 1464 197 1501 ατο.
941 1440 1079 1497 destruxit.

114 1446 136 1521 ψ
156 1548 193 1587 αν.
206 1524 268 1585 Ἀπὸ
278 1525 305 1585 δὲ
317 1530 363 1598 τῆς
373 1524 533 1604 Εὐδαίμονος
545 1526 686 1607 Ἀραόυιῆς
693 1526 827 1607 ἐκδέχεται
837 1550 898 1587 συν-
977 1545 1023 1597 ²7·
1042 1528 1231 1583 Eudaemonem
1252 1528 1391 1582 Arabicam
1408 1529 1536 1581 oootinao
1553 1529 1650 1599 excipit
1666 1529 1728 1582 litus

115 1613 184 1693 αρὴς
204 1612 321 1691 αἰγιαλός
342 1612 474 1690 ἐπιμήκης
487 1614 533 1673 καί
547 1614 641 1681 κόλπος
662 1615 705 1672 tat
721 1612 861 1692 δισχιλίους
880 1612 897 1684 ἣ
942 1617 1018 1687 longe
1031 1628 1182 1689 porrectum
1196 1628 1223 1669 et
1237 1618 1311 1671 sinus
1323 1616 1408 1670 adbis
1417 1618 1487 1670 mille
1498 1619 1537 1669 vel
1555 1618 1630 1689 plura
1648 1619 1727 1671 etiam

114 1700 236 1767 πλείονας
247 1699 374 1780 παρήκων
390 1700 529 1778 σταδίους,
543 1701 675 1779 Νομάδων
698 1724 727 1759 τι
739 1701 785 1759 καί
795 1701 897 1779 Ἰχθυο·
941 1714 1032 1775 patens
1059 1703 1160 1767 stadia,
1192 1704 1239 1773 qui
1261 1702 1393 1755 Nomades
1414 1711 1440 1756 et
1466 1703 1675 1774 lelrthyoplragos
1700 1706 1726 1756 iu
1773 1694 1775 1699 ’

68 1808 98 1841 νο
114 1788 205 1867 ρόγων
231 1788 333 1863 κώμαις
354 1788 575 1866 παροικούμινος,
601 1782 631 1847 οὑ
665 1788 732 1866 μετὰ
749 1787 796 1859 τὴν
819 1787 897 1868 προίῗ
943 1790 1006 1839 vicis
1015 1788 1093 1841 babet
1103 1787 1212 1841 aeeolm.
1250 1787 1315 1857 Ejus
1325 1798 1385 1857 post
1396 1789 1563 1857 proeminens
1575 1802 1727 1860 promonto-

117 1898 218 1953 χουσαν
242 1874 324 1953 ἄκραν
339 1876 463 1955 ἑμπόριύν
479 1878 548 1934 ἐστιν
566 1875 652 1954 ἕτερον
672 1874 898 1955 παραθαλάσσιον,
943 1874 1012 1926 tt'utn
1031 1884 1069 1925 est
1085 1871 1157 1926 atiud
1174 1874 1323 1943 emporium
1343 1874 1519 1937 maritimum,
1538 1876 1618 1939 Cane,
1635 1874 1668 1927 ad
1687 1894 1727 1927 rc·

119 1962 209 2035 ίίανὴ,
234 1962 367 2040 βασιλείας
392 1963 539 2038 Ἐλπίζω,
559 1961 648 2041 χώρας
670 1962 898 2041 λιόανωτορόρου,
944 1978 1026 2029 guum
1038 1961 1170 2030 pertinens
1182 1958 1307 2012 Eleaziin
1325 1960 1431 2029 regione
1448 1960 1584 2013 thurifera.
1622 1962 1660 2013 Er
1680 1961 1726 2014 ad·

121 2148 144 2181 ι.
159 2129 364 2199 ὑδρεύματα]
380 2130 438 2180 Rivi
451 2130 478 2181 in
491 2129 541 2181 hae
551 2129 688 2200 peninsula
701 2128 783 2197 nulli,
797 2128 841 2180 sed
854 2146 902 2201 pu·
944 2127 1132 2181 mercatoribus
1152 2128 1277 2180 Romanis
1300 2126 1380 2179 illatas
1403 2127 1580 2193 ulcisceretur,
1595 2129 1635 2181 vel
1655 2131 1727 2200 quod

116 2210 152 2259 tei
168 2210 236 2260 saris
253 2208 328 2260 incisi
340 2217 402 2259 sunt
415 2224 489 2277 aquae
499 2209 607 2277 egregia
619 2206 901 2279 copiamsuppcditan·
943 2208 979 2259 sic
991 2206 1072 2259 Indos
1085 2216 1178 2259 nautas
1189 2207 1217 2257 in
1231 2205 1333 2276 AEgypti
1347 2208 1465 2276 emporia
1478 2225 1505 2259 se
1516 2207 1667 2261 allecturum
1680 2227 1728 2278 pu-

116 2298 165 2338 tes.
184 2288 313 2339 Praeterea
341 2284 510 2355 aquaeductus
532 2284 629 2338 rudera
653 2297 802 2359 supersunt.
828 2286 839 2353 ΙΙ
867 2314 903 2325 -
944 2295 1018 2338 taret.
1032 2284 1096 2337 Tale
1112 2284 1178 2355 quid
1195 2283 1245 2336 sub
1261 2286 1354 2353 quovis
1374 2286 1531 2355 imperatore
1548 2284 1655 2338 indeab
1674 2292 1728 2341 llu-
1791 2285 1794 2291 ’

121 2384 143 2416 ι.
162 2364 204 2415 καὶ
221 2364 351 2435 supplevit
364 2363 507 2415 lludsonus
520 2365 532 2432 ΙΙ
543 2393 579 2409 -·-
593 2365 618 2417 3.
633 2363 841 2433 ὑποφεύγειν]
857 2380 903 2415 au·
943 2374 1019 2431 gusto
1032 2381 1115 2435 usque
1130 2360 1164 2415 ad
1183 2363 1272 2415 Nostri
1288 2361 1342 2415 lere
1356 2373 1475 2433 tempora
1486 2362 1604 2417 accidere
1615 2376 1727 2435 poterat.

116 2445 207 2496 (lacius
220 2442 321 2494 dictum
334 2460 384 2511 pro
397 2441 548 2512 ὑποχωρεῖν,
570 2460 624 2511 quo
645 2444 684 2495 uti
704 2442 798 2494 Noster·
819 2439 900 2505 solet,
942 2441 993 2495 Sed
1014 2442 1065 2503 hoe
1081 2451 1237 2513 quoqueest
1250 2458 1298 2493 eur
1313 2440 1476 2494 addubitem.
1494 2444 1548 2509 Qui
1566 2444 1637 2496 euim
1658 2445 1728 2500 litut

116 2533 143 2574 ct
155 2520 227 2591 quod
242 2521 292 2571 lme
306 2536 412 2589 quoque
429 2521 487 2573 looo
500 2521 597 2591 reponi,
614 2518 901 2573 votuit-schwanbeck.
943 2520 1038 2589 Peripli
1052 2530 1153 2584 auctor,
1168 2522 1214 2589 qui
1233 2520 1266 2572 de
1282 2521 1485 2591 imperatoribus
1505 2524 1630 2575 Romanis
1647 2524 1729 2576 modo

120 2603 131 2667 ΙΙ
148 2628 183 2639 --
193 2590 290 2668 5.”τῆς]
303 2598 412 2650 inserui.
431 2600 443 2667 ΙΙ
455 2628 491 2645 -ν
506 2614 550 2652 10.
563 2598 708 2670 Καίσαρ]
721 2598 778 2649 Ηοο
787 2595 821 2649 de
836 2598 902 2649 Tra-
943 2598 1065 2651 utebatur
1079 2598 1264 2669 oiroapardpov
1277 2615 1358 2661 voce,
1382 2616 1454 2654 nunc
1468 2600 1557 2669 παῖσαρ
1570 2600 1728 2655 vocabulum

114 2678 194 2746 jano,
209 2678 256 2746 qui
271 2675 395 2729 Arabium
410 2676 500 2729 lecerit
512 2676 685 2747 provinciam,
699 2675 806 2743 intelligi
820 2674 902 2727 voluit
941 2678 1068 2749 usurpet?
1080 2678 1137 2731 Cur
1153 2688 1205 2730 tam
1220 2695 1314 2746 vagum
1330 2678 1360 2739 ia
1381 2676 1491 2732 modum
1512 2678 1555 2731 tali
1576 2680 1657 2732 verbo
1672 2699 1728 2733 rem

119 2753 276 2807 Dodwellus.
289 2753 369 2821 Quod
384 2754 486 2806 admitti
500 2754 590 2824 nequit
604 2752 640 2823 (ν.
654 2770 733 2823 supra
747 2762 802 2805 not.
813 2754 828 2819 ς
840 2752 899 2823 19).
942 2756 1110 2825 significarit?
1130 2758 1225 2815 Nonne
1239 2754 1363 2809 mendam
1383 2755 1427 2812 hic
1438 2773 1545 2825 quoque
1561 2756 1620 2809 libri
1637 2776 1730 2812 corru-

117 2836 271 2886 Mannertus
293 2834 328 2897 V,
360 2834 390 2897 1,
405 2851 434 2904 p.
456 2837 502 2885 161
528 2831 561 2885 de
577 2831 637 2885 AElii
655 2832 723 2885 Galli
736 2829 902 2902 expeditione
942 2836 1054 2903 ptissimi
1068 2834 1141 2889 locus
1156 2834 1378 2888 traxeriti'l'anto
1388 2832 1487 2892 lucilius
1496 2832 1663 2899 crediderim,
1673 2856 1730 2907 quo

118 2912 168 2965 suh
189 2914 311 2982 Augusto
331 2911 395 2982 imp.
418 2911 552 2980 cogitavit.
569 2911 715 2963 Vincentus
731 2908 846 2979 denique
868 2908 901 2960 ad
942 2910 1026 2964 lenior
1037 2911 1147 2965 offertur
1160 2910 1318 2965 emendatio.
1332 2912 1383 2964 Pro
1398 2910 1509 2963 usitat>
1522 2910 1600 2970 suisse
1611 2915 1729 2984 suspicor

118 2991 220 3044 Claudii
233 3002 350 3062 tempora
364 3007 420 3042 rem
433 2989 522 3051 relcrt,
541 2991 626 3042 nitens
638 2989 738 3051 Plinio,
762 2989 808 3058 qui
822 2987 902 3040 tradit
943 2990 1063 3043 uultur.
1079 2991 1171 3046 Elisar
1182 3001 1209 3042 ct
1220 2990 1305 3042 Ilisar
1319 2988 1435 3059 ejusdem
1447 2991 1561 3046 nominis
1574 3001 1636 3045 sunt
1648 2996 1741 3046 varie.

119 3070 175 3120 laec
186 3071 234 3132 VI,
251 3073 304 3132 σοι
325 3069 409 3122 Nobis
426 3068 579 3135 diligentior
597 3067 695 3120 notitia
713 3065 901 3138 (Taprobanes
943 3081 1007 3123 tates
1016 3088 1059 3140 ap.
1069 3070 1224 3123 Strabonem
1230 3079 1256 3121 ct
1266 3068 1434 3122 Ptolemaeum
1445 3067 1537 3120 obviae.
1549 3069 1643 3122 Strabo
1651 3072 1727 3135 XVI,

120 3150 189 3214 ius.)
206 3146 310 3200 Claudii
317 3146 474 3218 principata
485 3145 605 3213 contigit,
622 3145 715 3212 legatis
727 3144 807 3197 ettam
825 3162 858 3196 cx
873 3163 903 3196 ea
942 3166 970 3219 p.
992 3153 1044 3218 782
1058 3159 1146 3204 narrat
1165 3148 1262 3200 AElium
1282 3147 1386 3199 Gallum
1402 3165 1542 3217 occupasse
1562 3148 1679 3203 athath
1703 3161 1730 3203 ct

122 3225 208 3277 irtsrcla
219 3224 348 3276 arlucctt'ss
362 3223 398 3276 Id
408 3219 508 3276 accidit
519 3224 566 3275 ltoc
578 3221 661 3275 morlo.
678 3221 752 3274 Armi
765 3223 899 3284 Plocami,
942 3226 1092 3297 Marsyabas
1106 3228 1147 3295 (ν,
1163 3225 1228 3279 Noel
1244 3224 1291 3276 des
1302 3227 1414 3293 Vergers
1424 3225 1524 3278 Arcadic
1534 3243 1561 3296 p.
1574 3226 1636 3298 59),
1652 3229 1730 3282 urbes

119 3304 166 3373 qai
179 3303 260 3355 maris
276 3303 358 3356 Rubri
375 3302 490 3369 vectigal
505 3319 523 3354 a
533 3302 602 3372 fisco
623 3300 778 3364 redemerat,
795 3301 903 3354 libertas
943 3305 1177 3362 Rhambanitarum
1187 3305 1236 3372 (sie
1243 3301 1323 3356 codd.
1333 3304 1386 3357 Str.
1395 3302 1665 3374 ορῑὶιυίςῬαόανιτῶν
1674 3326 1726 3360 soc.

118 3381 190 3432 circa
214 3381 344 3433 Arabiam
362 3380 492 3446 navigans
514 3379 681 3452 aquilonibus
701 3389 795 3451 raptus
807 3389 905 3450 praeter
943 3383 1011 3437 Ptol.
1035 3386 1090 3448 Vl,
1112 3383 1162 3454 7),
1180 3383 1206 3434 oi
1227 3379 1288 3448 ἦσαν
1301 3382 1349 3436 ὑπὺ
1374 3380 1518 3454 Ἰλααόρῳ(
1536 3383 1729 3438 Πὺοαίκλαόον

121 3459 303 3521 (irraraaiam,
320 3457 572 3528 deciruaqaiatodie
584 3459 721 3530 Hippuros
729 3458 904 3528 portamrjas
943 3481 1001 3516 seu,
1012 3462 1189 3524 makmas,
1210 3460 1313 3530 Astii-is
1332 3462 1401 3530 mgis
1421 3479 1565 3524 summor,
1590 3481 1644 3518 seo,
1662 3466 1729 3518 Noe}

121 3541 247 3601 increatus,
260 3550 310 3592 ete.
322 3542 361 3591 Ex
371 3539 411 3590 his
423 3539 503 3608 igitur
516 3538 613 3608 colligit
623 3535 725 3590 Claudii
742 3535 904 3608 temporibus
944 3544 1102 3611 Desvergers
1113 3539 1214 3595 Arabia
1226 3557 1254 3610 p.
1269 3541 1301 3595 58
1310 3543 1331 3609 ).
1347 3539 1501 3594 Ptolemaeus
1511 3540 1647 3605 librariis,
1660 3561 1677 3594 a
1689 3561 1729 3595 re-

119 3627 273 3686 potestatem
288 3620 468 3670 Romanorum
482 3619 561 3670 etiam
574 3619 601 3668 iu
619 3615 716 3668 Ocoam
731 3624 823 3690 portus
844 3629 905 3684 pro·
944 3623 982 3690 gis
996 3621 1103 3672 nomine
1113 3620 1151 3672 sic
1162 3618 1256 3683 dictos,
1272 3619 1345 3672 inea
1357 3619 1464 3689 regione
1479 3630 1618 3683 memorat,
1633 3623 1729 3690 quasia

121 3698 198 3749 latam
213 3715 278 3762 esse,
293 3709 320 3751 et
338 3697 433 3750 ducem
442 3697 556 3767 aliquem
568 3695 732 3766 imperatoris
744 3693 853 3748 Adaneo
865 3692 905 3747 di·
944 3698 1077 3770 Periptum
1095 3697 1242 3751 Charibaell
1253 3695 1369 3768 subjecta
1382 3708 1431 3751 esa,
1447 3697 1542 3750 Noster
1554 3695 1670 3768 denique
1682 3717 1731 3752 nu.

121 3777 218 3840 ruisse,
232 3787 279 3838 ut,
298 3776 400 3828 sublato
412 3776 464 3829 hoc
484 3777 603 3847 emporio
624 3773 745 3836 Arabico,
758 3773 904 3825 commodis
944 3787 1001 3830 ctor
1014 3796 1061 3830 sua
1075 3787 1149 3830 aetate
1161 3794 1249 3847 regem
1264 3786 1339 3829 terrae
1354 3775 1489 3832 tanatem
1507 3775 1572 3834 dicit
1591 3778 1728 3841 Eleuzraa,
1793 3785 1798 3793 ’

121 3855 340 3907 commerciorum
351 3857 532 3908 Romanorum
542 3852 698 3906 consuleret.
710 3851 831 3904 Eundem
841 3853 904 3904 Vin·
944 3854 1017 3924 quod
1030 3874 1128 3908 nomen
1148 3855 1254 3908 nonnisi
1269 3854 1319 3908 alia
1334 3854 1421 3917 forma
1434 3855 1551 3907 nominis
1571 3854 1730 3910 Elisarsive

120 3943 226 3985 centum
243 3936 336 3986 leuem
354 3951 436 3986 comas
449 3935 597 3994 Romanum
616 3930 767 4002 praesidium
784 3940 811 3983 et
824 3932 904 3982 vecti·
944 3933 1030 3986 Ilisar
1040 3952 1095 3986 esse
1109 3931 1221 3987 videtur.
1237 3935 1269 3991 In
1282 3933 1388 3995 Elisaris
1407 3951 1490 4004 regno
1505 3933 1556 3991 sita
1573 3944 1630 3990 erat
1649 3939 1728 3996 Orac,

121 4010 216 4078 galium
241 4023 422 4082 perceptorem
449 4013 585 4082 imponere
607 4027 686 4080 supra
712 4009 747 4081 (s
772 4011 823 4078 ¹9)
848 4007 903 4078 jam
945 4013 1089 4064 maximum
1108 4012 1137 4063 in
1163 4011 1212 4064 bae
1232 4011 1336 4074 Arabiae
1355 4029 1402 4072 nra
1421 4012 1585 4082 emporium,
1605 4013 1677 4081 quod
1696 4016 1729 4065 act

122 4090 289 4151 monuimus,
311 4107 470 4160 quamquam
491 4107 576 4159 neque
596 4088 704 4140 historia
724 4104 809 4156 neque
826 4086 904 4138 verba
944 4092 1068 4143 eximiam
1077 4091 1152 4142 istam
1165 4088 1322 4154 felicitatem,
1337 4108 1369 4145 ex
1383 4088 1534 4164 conjectura
1544 4099 1643 4153 nostra,
1656 4089 1730 4142 Elea·

125 4167 219 4237 l‘eripli
233 4163 361 4236 ejusmodi
379 4167 445 4237 quid
465 4167 642 4238 suppeditent.
655 4169 715 4219 lam
738 4163 808 4235 quod
827 4165 904 4218 Plinii
946 4185 988 4220 sar
1009 4185 1042 4220 eo
1063 4166 1204 4222 adduxisse
1226 4166 1340 4232 videtur,
1357 4167 1430 4240 quod
1449 4168 1528 4220 ricini
1550 4169 1623 4236 regni
1641 4185 1732 4238 empti-

123 4245 209 4296 locum
231 4247 339 4308 attinet,
363 4245 428 4298 nihil
451 4245 484 4302 ad
498 4263 554 4298 rem
574 4243 635 4297 lacit
648 4243 762 4298 Plocami
783 4241 903 4297 libertum
945 4248 1033 4310 rium,
1058 4245 1247 4299 Eudaemonem
1270 4247 1414 4312 Arabiam,
1440 4245 1579 4307 destruxit.
1604 4249 1730 4300 Praeterea

122 4323 255 4392 quendam
269 4326 295 4376 in
309 4325 415 4376 Ooeano
430 4325 571 4393 navigasse,
586 4339 669 4392 quum
686 4321 719 4373 de
733 4321 841 4374 consilio
850 4321 905 4392 ejus
946 4343 1067 4394 magnam
1085 4325 1194 4377 sortasse
1213 4322 1271 4394 ejus
1288 4326 1361 4395 regni
1375 4333 1480 4395 partem
1497 4322 1547 4374 sibi
1569 4339 1617 4392 per
1629 4333 1731 4393 tempus

123 4403 294 4470 navigationis
306 4402 371 4454 nihil
384 4411 499 4465 constet;
512 4401 644 4470 vectigalia
663 4409 751 4452 autem
772 4416 831 4470 quae
846 4401 904 4453 Plo·
945 4402 1051 4474 aliquod
1068 4401 1187 4475 subjecit,
1202 4401 1332 4472 siquidem
1344 4401 1498 4463 Ptolemaeus
1508 4398 1622 4452 Elisaros
1632 4417 1731 4452 memo-

123 4498 213 4532 ramus
226 4480 388 4547 redemerat,
408 4480 514 4533 nonnisi
533 4491 659 4550 portuum
678 4479 858 4549 AEgqptiorum
872 4480 905 4532 ad
946 4491 984 4534 rat
1003 4483 1031 4534 in
1045 4481 1164 4550 regione,
1181 4499 1241 4551 qua
1256 4480 1351 4552 Peripli
1365 4490 1438 4535 aetate
1451 4477 1597 4531 Charibaeli
1612 4477 1719 4549 pambas

123 4561 210 4611 sinum
230 4561 369 4613 Arabicum
384 4579 438 4613 esse
450 4569 581 4631 poterant,
593 4557 724 4630 siquidem
741 4567 834 4628 putare
847 4558 905 4612 licet
946 4561 1013 4612 Hoe'
1023 4559 1045 4612 si
1065 4569 1120 4622 est,
1143 4558 1312 4615 statuendum
1325 4558 1392 4617 loret
1412 4556 1511 4616 iontem
1529 4573 1562 4609 ex
1579 4573 1634 4626 quo
1644 4556 1730 4609 Ptole·

124 4655 212 4690 rerum
226 4640 404 4690 Romanarum
427 4637 583 4707 scriptores,
598 4636 620 4688 si
640 4635 715 4689 aliter
726 4653 767 4688 res
779 4634 904 4701 haberet,
947 4655 1027 4690 maus
1040 4637 1144 4690 Arabiae
1162 4655 1215 4692 orae
1237 4636 1439 4709 descriptionem
1452 4635 1562 4699 sumsit,
1579 4644 1669 4686 nostro
1686 4651 1731 4705 pe·

125 4726 226 4769 tantum
244 4716 367 4786 potentiae
390 4717 515 4767 Romana
539 4715 730 4768 incrementum
752 4730 807 4765 non
827 4713 906 4765 luisse
946 4715 1014 4788 riplo
1025 4716 1201 4786 antiquiorem
1215 4733 1280 4767 esse.

124 4791 176 4844 alto
186 4810 322 4862 pressuros
337 4793 446 4846 silmtio.
462 4792 548 4845 Multo
561 4793 639 4844 etiarn
653 4791 827 4854 confidentius
843 4809 905 4843 con·
980 4793 1251 4865 ς27.Εὑδαίμονος
1269 4789 1731 4863 ’λραόινιῆςῙςαᾶστῑΕὑδαίμονος

126 4869 239 4924 tenderis
251 4889 332 4923 unam
346 4869 419 4923 istam
435 4871 531 4941 Peripli
540 4889 636 4928 ,vocem
647 4889 702 4924 non
714 4870 771 4940 ejus
782 4885 837 4922 esse
850 4887 905 4922 mo-
950 4869 1253 4944 lpadla;.‘Quaequidem
1261 4871 1395 4924 lluetuatio
1404 4889 1435 4925 ex
1446 4865 1501 4942 ipsa
1510 4869 1730 4922 denominationis

126 4950 205 5001 menti
229 4959 259 5001 ut
279 4949 343 5001 hine
366 4951 534 5021 proficiscens
564 4949 691 5018 relingere
716 4949 852 5002 historiam
876 4965 906 5001 ae
946 4947 1025 5020 hujus
1038 4953 1139 5021 origine
1147 4950 1270 5022 explicari
1281 4948 1435 5022 possit,nisi
1448 4947 1566 5020 sphalma
1576 4947 1677 5000 librarii
1688 4965 1731 5000 su·

125 5028 287 5095 negligentiae
299 5027 437 5081 historicos
449 5045 570 5081 accusare
585 5027 741 5099 prudentior
756 5027 848 5098 aliquis
861 5045 906 5080 au·
948 5025 1020 5082 besse
1027 5030 1241 5099 mavellsql-rtq.
1254 5025 1464 5098 Ἰχθυοφάγων
1475 5025 1621 5096 παροιαοὺ
1630 5027 1728 5096 pavor}

125 5106 194 5158 ‹lt-at.
207 5107 273 5159 Nam
288 5109 309 5158 si
323 5117 392 5160 recte
402 5106 464 5160 illud
477 5108 569 5177 Καῖσαρ
582 5107 670 5172 habet,
685 5107 750 5160 nihil
762 5105 833 5159 aliud
844 5107 907 5160 inde
947 5109 1146 5179 παραιτουμένοις
1161 5105 1255 5160 codex.
1267 5107 1353 5160 Possis
1367 5107 1444 5158 etiam
1456 5104 1507 5176 ίχδ,
1521 5105 1568 5176 [ἐν]
1581 5106 1674 5174 κώμοις
1685 5122 1730 5156 πα-

126 5185 245 5252 colligere
270 5184 347 5249 licet,
371 5187 421 5238 nisi
444 5186 538 5238 ducem
562 5186 676 5256 aliquem
698 5189 846 5239 itomanam
873 5203 906 5240 ex
948 5187 1247 5261 poizooplrmv.}l-17.
1264 5182 1417 5255 Κανή16ί.
1429 5184 1585 5248 PliniusVl,
1598 5184 1734 5238 atzam

127 5265 237 5335 Aigypto
256 5264 401 5336 profectum
419 5265 529 5319 diruisse
542 5268 689 5338 carporium
705 5266 743 5319 vel
758 5277 786 5319 ut
799 5265 906 5336 iujurias
949 5265 1081 5337 thurifera
1088 5264 1209 5334 regionis,
1220 5274 1245 5319 et
1255 5263 1408 5320 Ptolomeus
1418 5263 1433 5316 Ι.
1447 5264 1455 5316 l
1476 5265 1521 5335 qui
1535 5263 1644 5334 ’Λραόίοιν
1654 5261 1730 5333 ἐμπό-
