3950 5925
644 352 1202 449 ucscrticacinriunnusn.
1644 410 1733 455 ιινιι

113 519 277 599 periemnt.
286 516 434 577 Praeterea
443 528 537 577 antem
549 518 744 594 mythologice
753 518 814 576 baec
824 516 907 577 t’lial
951 518 1014 577 dies
1024 538 1083 577 uon
1095 539 1113 576 a
1133 519 1244 599 populo
1256 518 1291 575 ad
1316 518 1476 597 populum,
1494 519 1576 578 seda
1594 537 1682 601 portu
1696 526 1732 583 ad

104 618 139 685 ,δὲ
153 619 194 695 τῷ
207 615 321 692 στόματι
331 617 370 695 τῷ
383 614 534 695 Κανωὸινιῷ
545 616 599 673 ἐστι
614 617 690 685 νῆσος
706 614 802 695 ιρήμη,
816 606 904 693 {dvo-
950 626 1068 691 portum
1080 627 1267 691 exputentur,
1284 615 1313 671 in
1323 614 1387 692 ipsa
1400 628 1494 673 autem
1506 615 1675 695 Pentapolis
1690 640 1734 677 rc·

111 736 151 785 pa
164 708 311 777 Κάνωὸος·
323 707 370 767 καὶ
378 708 479 785 σημεῖά
491 710 560 767 loru
575 710 601 766 is
616 710 701 788 αὐτῇ,
714 714 759 767 τοῦ
777 708 902 769 Μενέλεω
947 710 1035 782 gione
1046 710 1210 767 accuratior
1225 709 1384 767 stadiorum
1402 729 1537 769 mensura
1555 711 1733 772 adhibeatur.

111 814 157 867 τοῦ
170 806 335 887 κυὸιρνήτον
348 811 395 865 τοῦ
407 805 461 865 ἀπὸ
472 804 577 885 Τροίας,
590 795 612 887 ᾤ
623 804 705 882 ὄνομα
722 804 860 881 Krimisa,
873 804 903 864 τὸ
947 803 1060 871 Quodsi
1077 805 1228 882 exceperis
1242 822 1307 880 que
1321 805 1422 863 multis
1441 806 1547 863 seculis
1557 820 1623 883 post
1633 807 1734 866 Ptole-

112 908 219 979 μνῆμα.
241 901 358 979 Δίγωοι
371 898 399 959 δὲ
411 898 551 977 Αἰγύπτιοί
564 922 593 960 τι
609 899 653 959 καὶ
668 900 692 957 οἱ
703 892 864 981 προσ-ἑώρων
878 901 902 957 οἱ
948 916 1037 956 maus
1050 912 1079 957 et
1096 898 1248 957 Stadiasmi
1260 900 1387 977 scriptor
1399 918 1562 977 anonymus
1575 901 1612 959 de
1623 901 1735 982 Libyca

110 1002 163 1063 τοῖς
173 997 268 1063 τόποις
280 994 429 1067 Πηλούσιον
440 994 513 1067 ἥκειν
524 992 568 1053 ἐπὶ
582 994 612 1053 τὸ
623 993 733 1067 Κάσιον,
747 994 792 1053 xal
806 994 902 1053 Κᾶνω-
948 1012 1000 1051 ora
1010 994 1207 1066 tradiderunt,
1219 994 1294 1053 nibil
1308 994 1449 1055 babemus
1460 996 1540 1073 quod
1554 996 1608 1054 hac
1623 999 1730 1077 peripli

110 1115 159 1153 πον
172 1092 251 1164 ἥκειν
263 1092 307 1151 lul
321 1091 370 1163 τὴν
380 1094 469 1165 νῆσον,
483 1081 513 1149 οὗ
522 1089 551 1149 τὸ
563 1094 711 1167 μνῆμοτοῢ
722 1088 900 1169 stirpiniaco:
949 1102 1032 1167 parte
1056 1091 1095 1149 sit
1115 1091 1301 1150 luculentius.
1328 1091 1480 1150 Auctorem
1503 1091 1568 1169 ejus
1583 1092 1733 1170 juniorem

110 1190 172 1246 baec
188 1188 302 1263 omnia,
323 1186 458 1263 inquam,
486 1204 503 1244 a
520 1198 618 1244 vetere
636 1184 752 1263 periplo
767 1185 862 1244 aliena
876 1198 903 1244 et
947 1204 1011 1244 esse
1025 1186 1185 1263 Herodoto,
1200 1188 1252 1264 qui
1262 1206 1300 1245 ne
1310 1186 1412 1264 Syrtes
1420 1188 1540 1265 quidem
1554 1188 1627 1247 duas
1637 1191 1731 1261 novit,

110 1298 213 1362 postea
223 1283 324 1343 addita
334 1300 397 1343 esse
409 1282 479 1345 inde
491 1282 624 1357 colligis,
640 1281 719 1359 quod
730 1300 789 1339 non
803 1282 903 1357 legun·
948 1279 1070 1341 dubium
1086 1301 1145 1339 non
1161 1296 1216 1354 est,
1233 1283 1283 1341 sed
1301 1284 1408 1342 certius
1434 1297 1502 1343 aetas
1518 1286 1582 1361 ejus
1595 1288 1733 1345 constitui

111 1394 171 1453 tur,
188 1378 244 1438 ubi
259 1378 296 1437 de
313 1378 373 1437 iiiii
388 1379 473 1437 ostiis
489 1397 586 1436 serino
598 1390 671 1449 erat,
684 1377 734 1437 sed
749 1389 901 1456 postquam
949 1380 1062 1455 nequit.
1078 1378 1170 1436 Multo
1192 1380 1290 1438 minus
1310 1380 1403 1458 liquet
1417 1380 1454 1437 de
1473 1400 1508 1438 ea
1529 1382 1637 1459 peripli
1652 1396 1734 1460 parte

109 1476 170 1533 alia
188 1476 238 1533 his
258 1486 360 1533 auctor
382 1472 575 1549 subjunxerat
594 1485 622 1531 et
649 1490 792 1531 summam
813 1473 903 1531 totius
949 1473 1215 1551 quaeaCartbagine
1227 1476 1354 1553 pertinet
1362 1478 1399 1533 ad
1407 1476 1556 1536 columnas
1565 1478 1732 1539 Herculeas.

110 1575 190 1631 Asiae
206 1571 321 1651 peripli
336 1568 397 1647 jam
410 1570 577 1645 collegerat,
594 1582 740 1646 tamquam
757 1568 903 1647 appendix
989 1571 1038 1630 68.
1048 1570 1299 1639 Quemadmodum
1310 1572 1552 1649 igiturGraeciam
1562 1574 1732 1633 etblacedo·

108 1671 308 1747 adjiciuntur,
324 1667 411 1726 sicuti
425 1667 512 1725 etiam
528 1665 693 1743 Europaei
707 1664 807 1743 Libyae
819 1665 904 1744 peri·
949 1665 1027 1723 niam
1051 1681 1153 1725 auctor
1174 1668 1275 1744 quales
1289 1667 1353 1745 ipse
1366 1667 1498 1746 Philippi
1520 1670 1606 1727 annis
1619 1682 1732 1749 postre·

109 1769 168 1845 plis
182 1764 332 1840 ejusmodi
347 1765 550 1822 annotationes
565 1774 662 1821 assuta
674 1782 737 1821 esse
758 1762 901 1821 videmus.
949 1763 1004 1820 mis
1022 1776 1156 1836 noverat,
1172 1761 1323 1835 describit,
1337 1763 1381 1821 sic
1403 1764 1434 1821 in
1455 1765 1566 1841 reliqua
1580 1766 1670 1823 maris
1685 1766 1733 1823 in·

108 1862 248 1938 lienique
268 1856 421 1918 Canobum
438 1856 580 1936 oppidum
599 1856 764 1915 Herodotea
786 1856 901 1915 demum
949 1857 1025 1914 terni
1041 1856 1198 1916 oraiontes
1214 1857 1313 1937 paullo
1336 1858 1517 1935 antiquiores
1531 1860 1662 1935 quidem,
1681 1860 1732 1918 sed

108 1970 194 2015 atate
207 1955 256 2013 vel
274 1954 374 2034 paullo
384 1966 469 2011 antea
478 1953 621 2011 exstitisse
634 1972 737 2031 parum
748 1950 903 2031 probabile
948 1950 1000 2027 qui
1015 1950 1148 2030 Philippi
1163 1965 1247 2009 atate
1268 1953 1461 2011 recentissimi
1475 1952 1565 2011 fuisse
1583 1954 1731 2025 ridentur,

109 2064 164 2113 est.
177 2050 262 2111 iiiiii
276 2067 346 2109 sane
360 2046 492 2109 tribuere
511 2048 595 2107 liceat
606 2046 714 2107 sabulis
729 2066 792 2126 qne
809 2046 901 2124 origi-
948 2046 1134 2120 adbibuerit;
1145 2060 1222 2106 certe
1245 2049 1277 2107 in
1299 2048 1409 2121 Italiae,
1423 2047 1534 2125 illyria
1546 2061 1575 2106 et
1587 2049 1663 2108 Asia
1677 2050 1732 2107 mi-

109 2170 177 2208 nem
199 2147 318 2207 urbisa
337 2145 479 2225 Trojanis
501 2144 680 2223 temporibus
701 2158 835 2223 repetunt
852 2146 901 2220 (v.
948 2144 1032 2202 noris
1042 2144 1166 2223 paraplo
1184 2143 1257 2202 nihil
1270 2144 1400 2202 occurrit
1418 2144 1497 2221 quod
1521 2162 1598 2202 anno
1623 2145 1680 2203 tuo
1694 2146 1733 2203 sit

110 2246 283 2305 fustatbius
298 2242 334 2301 ad
348 2242 434 2303 Dion.
448 2243 482 2299 13
493 2243 516 2319 ),
528 2254 556 2299 at
571 2242 656 2300 lacile
664 2242 799 2317 largieris
811 2240 901 2299 Cano·
948 2240 1111 2317 recentius,
1125 2253 1154 2299 et
1168 2242 1199 2299 in
1215 2240 1340 2317 reliquis
1353 2239 1426 2298 nibil
1441 2240 1730 2318 suppeditaturquod

110 2342 182 2400 bum
197 2340 333 2399 Menelao
348 2338 430 2396 naris
441 2336 693 2413 gubernatoreme
712 2338 831 2395 nomine
844 2336 902 2395 loci
948 2335 1116 2412 cogatutad
1129 2337 1260 2395 altiorem
1272 2334 1609 2397 etatemadsoendamos.
1619 2336 1731 2395 Nomen

109 2436 379 2516 AEgyptiieffictum
398 2435 520 2507 esse3de
533 2432 654 2493 Canobo
669 2446 763 2491 autem
776 2431 902 2491 fabulam
936 2435 1089 2526 auctoris,
1095 2453 1181 2511 quem
1189 2435 1221 2491 in
1230 2432 1394 2492 Graciarel
1401 2432 1571 2491 Macedonia
1580 2426 1732 2509 scripsisse

109 2552 146 2590 ex
165 2532 290 2604 Νόστων,
308 2542 340 2587 ιιι
370 2528 499 2600 videtur,
523 2526 704 2587 carminibus
732 2540 904 2605 acceperunt
949 2542 1174 2589 consentaneum
1185 2542 1240 2601 est,
1252 2529 1407 2589 nescimus.
1417 2528 1487 2587 Post
1505 2528 1580 2587 alios
1594 2529 1654 2587 levi
1668 2528 1732 2587 bra·

109 2624 287 2703 logograpbi
319 2624 396 2681 inter
425 2642 532 2700 eosque
566 2622 790 2700 antiquissimus
810 2622 903 2680 lleca-
949 2626 1017 2685 chio
1029 2645 1091 2685 rem
1105 2637 1256 2702 tangentes
1269 2623 1582 2702 sainte-Croix,quem
1595 2645 1731 2685 unusse·

109 2719 427 2797 tam(*),quemedam
440 2718 534 2775 locum
545 2716 697 2776 Canobum
708 2720 737 2773 in
749 2714 904 2794 Libyaepe-
948 2736 1033 2782 cutus
1048 2735 1092 2781 aa
1109 2721 1234 2795 Gaiiius,
1246 2720 1345 2779 nuilus
1361 2719 1520 2791 dubitavit,
1539 2720 1613 2797 quin
1624 2720 1731 2799 Scylax

112 2816 190 2893 riplo
201 2832 409 2873 memorassee
420 2813 567 2891 Stephano
579 2814 719 2891 Byzantio
730 2812 771 2893 (”)
782 2825 902 2872 constat.
948 2818 1031 2878 Darii
1047 2819 1200 2896 Hystaspis
1215 2817 1336 2896 aqualis
1354 2817 1561 2891 intelligendus
1573 2830 1664 2889 esset,
1684 2819 1729 2875 ni·

114 2909 215 2988 ltaque
237 2908 298 2968 nisi
313 2908 453 2968 statueris
475 2910 545 2968 satis
559 2908 645 2984 longe
657 2920 723 2968 ante
741 2907 903 2968 Hecataeum
948 2912 1055 2972 mirum
1068 2914 1093 2972 si
1107 2933 1174 2991 quie
1181 2912 1258 2972 vidit
1267 2931 1332 2972 cuin
1345 2911 1399 2970 bac
1405 2911 1549 2971 sententia
1561 2930 1622 2970 non
1631 2912 1731 2970 conci·

108 3020 136 3065 et
150 3025 342 3066 communem
354 3007 501 3064 literarum
514 3023 599 3065 usum
615 3023 631 3063 a
650 3017 803 3064 nautarum
813 3005 902 3081 vulgo
948 3010 1064 3080 lianda,
1076 3027 1111 3068 ea
1125 3013 1162 3068 ab
1175 3007 1436 3088 interpolatoribus
1445 3027 1509 3066 esse
1523 3007 1653 3086 prosecta
1665 3026 1734 3065 cen-

108 3104 286 3162 stadiasmos
301 3103 484 3180 conscriptos
497 3117 571 3173 esse,
592 3121 668 3179 quos
682 3100 813 3178 Philippi
831 3113 902 3160 tem·
948 3105 1018 3177 suit,
1028 3104 1317 3180 aliarero,qnaeitem
1326 3103 1466 3161 seriorem
1474 3114 1584 3161 atatem
1592 3115 1729 3178 arguunt,

107 3202 236 3276 poribus
256 3215 360 3261 auctor
381 3203 490 3282 peripli
508 3202 619 3274 nostri,
638 3214 738 3280 utpute
761 3201 798 3260 ab
820 3203 902 3262 omni
949 3199 1131 3258 automnino
1147 3218 1208 3256 non
1231 3197 1452 3271 animadvertit,
1470 3209 1520 3254 aut
1533 3197 1574 3254 ita
1587 3197 1732 3256 estinter-

109 3297 339 3376 interpolatione
361 3296 467 3368 liberi,
486 3296 681 3356 adbibuerit:
711 3295 786 3356 nihil
814 3297 902 3356 video
948 3306 1089 3372 prointus,
1104 3306 1138 3352 ut
1146 3312 1184 3350 ex
1201 3293 1241 3351 iis
1260 3292 1335 3370 ipsis
1348 3292 1550 3368 antiquitatem
1561 3292 1668 3369 peripli
1681 3293 1731 3349 de·

109 3393 188 3468 quod
201 3392 239 3450 ed
253 3392 457 3469 antiquitatem
478 3391 579 3463 sontis,
591 3409 629 3449 ex
643 3409 704 3468 quo
724 3390 902 3469 Egyptipa·
948 3401 1113 3448 monstrare
1146 3397 1310 3446 conaretur.
1337 3385 1416 3454 ,Quae
1444 3384 1560 3460 singula
1587 3405 1676 3462 quum
1699 3386 1731 3444 in

110 3489 211 3568 raplus
217 3490 331 3569 petitus
340 3489 391 3561 sit,
399 3487 593 3548 deliniendam
602 3487 807 3566 facerepossit.
816 3487 902 3558 Quod
948 3484 1136 3542 annotatione
1149 3482 1259 3560 passim
1275 3480 1485 3552 indicaverim,
1495 3492 1524 3538 et
1538 3499 1624 3558 quam
1637 3481 1732 3540 aliena

110 3597 255 3662 praeterea
269 3585 301 3643 in
316 3585 432 3664 periplo
443 3584 675 3663 legituriligypti
688 3586 809 3660 figuram
823 3585 904 3642 simi·
947 3579 1007 3637 sint
1020 3577 1114 3637 acrisi
1123 3578 1254 3648 saniore,
1266 3577 1397 3634 certatim
1404 3573 1597 3647 Niebubrius,
1610 3574 1732 3636 letron·

111 3680 167 3736 lem
189 3697 257 3738 esse
281 3679 418 3757 bipenni,
442 3677 528 3756 cujus
542 3679 706 3738 arctissima
730 3697 799 3756 pars
812 3679 851 3736 sit
866 3679 902 3736 ad
948 3673 1027 3745 nius,
1052 3671 1218 3731 Odolredus
1234 3671 1391 3742 llliillerus,
1414 3669 1587 3728 Clausenius
1611 3670 1731 3728 demon·

110 3773 293 3851 llempbim,
308 3773 386 3832 unde
401 3772 539 3851 deinceps
554 3773 706 3832 meridiem
719 3792 821 3831 versus
833 3771 902 3832 sub·
948 3770 1081 3845 strarint,
1102 3787 1164 3827 rem
1178 3768 1287 3828 dudum
1307 3767 1490 3846 profligatam
1505 3767 1602 3826 denuo
1615 3780 1731 3846 pertra-

110 3869 179 3926 inde
194 3869 286 3926 latior
301 3869 352 3926 liat
372 3889 381 3924 t
403 3867 435 3926 id
453 3869 572 3946 quidem
586 3887 690 3946 parum
706 3879 838 3926 accurate
856 3867 902 3926 di·
948 3877 1026 3924 ctare
1037 3866 1112 3925 nibil
1122 3865 1232 3924 attinet
1241 3864 1328 3923 Vetus
1340 3863 1460 3941 aliquod
1472 3883 1548 3940 opus
1560 3864 1731 3942 geographi·

111 3976 189 4020 ctum
205 3976 268 4034 est;
283 3975 313 4020 at
330 3963 439 4040 peripli
460 3975 607 4022 auctorem
631 3963 668 4022 de
682 3962 904 4020 mediterraneis
949 3980 1014 4018 curu
1040 3960 1246 4038 interpolatum
1274 3979 1338 4018 esse
1361 3978 1469 4038 perse
1493 3959 1567 4018 nibil
1590 3959 1731 4018 absonum

112 4057 185 4116 falsa
198 4057 308 4116 afferre
322 4057 397 4114 nibil
412 4056 484 4116 adeo
499 4060 603 4116 mirum
625 4057 729 4134 habet,
745 4074 839 4135 neque
853 4074 904 4114 an·
948 4055 1047 4129 habet,
1054 4069 1140 4133 atque
1148 4067 1402 4134 nostrumquoque
1409 4054 1583 4134 opusculum
1590 4055 1732 4130 magistel·

111 4153 259 4229 tiquitatis
273 4151 416 4210 indicium
429 4151 498 4210 binc
512 4153 711 4231 repetiverim.
949 4152 1045 4208 lorum
1066 4151 1144 4210 notis
1173 4170 1190 4208 e
1214 4151 1346 4227 margine
1366 4150 1503 4209 assumtis
1534 4167 1733 4227 sepenumero
1773 4217 1777 4224 Ι

152 4249 204 4320 67.
219 4245 255 4304 ln
268 4249 367 4320 libyca
389 4243 511 4324 paraplo
539 4266 632 4324 usqne
652 4247 688 4306 ad
702 4246 904 4323 Carthaginem
950 4260 1105 4306 anctumet
1118 4247 1267 4306 turbatum
1288 4267 1352 4306 esse
1371 4265 1461 4326 supra
1479 4245 1619 4306 vidimus.
1632 4244 1733 4322 ltaque

115 4354 217 4400 auctor
239 4341 334 4399 sontes
357 4339 525 4400 adhibuisse
548 4341 635 4402 debet
655 4345 796 4422 optimos,
815 4361 906 4419 quum
951 4342 1066 4402 admitti
1088 4343 1313 4403 Sanctaessrucis
1335 4344 1477 4403 sententia
1496 4355 1604 4422 posset,
1627 4343 1652 4402 si
1673 4364 1731 4401 uno

113 4439 144 4495 in
165 4457 219 4496 ora
238 4438 406 4515 quainter
426 4437 581 4518 AEgyptum
600 4451 629 4496 et
653 4438 843 4516 cyrenaicam
860 4441 907 4498 in·
952 4441 1081 4499 alterove
1105 4441 1164 4500 loci
1188 4441 1306 4500 nomine
1319 4439 1429 4518 ejecto,
1444 4438 1559 4516 reliqua
1571 4439 1652 4498 Darii
1673 4438 1731 4516 lly-

113 4531 232 4609 terjecta
253 4545 314 4608 est,
338 4531 482 4592 distende
507 4533 666 4592 secundum
703 4523 913 4605 ,navigationis
953 4535 1061 4615 staspis
1091 4549 1203 4596 etatem
1230 4536 1380 4597 referrent.
1408 4538 1492 4594 Nunc
1522 4553 1595 4594 aero
1619 4538 1659 4594 lta
1686 4555 1732 4594 res

143 4673 175 4732 r)
189 4676 236 4734 ip.
253 4671 353 4722 areni.
367 4675 411 4722 or.
425 4671 477 4733 ng.
489 4673 520 4731 it,
531 4684 554 4733 p.
568 4677 615 4723 ssa
626 4670 697 4722 teti.
710 4690 716 4720 ι
727 4671 756 4722 'o
767 4671 843 4720 τοίνυν
852 4671 965 4729 aenou<
976 4672 1052 4736 ινσμι
1065 4673 1114 4724 tm
1124 4673 1444 4737 emunctorum&
1453 4673 1575 4729 Ἑκαταῖός
1585 4689 1611 4722 τι
1622 4672 1652 4732 ti
1661 4689 1732 4731 φησιν

113 4743 126 4789 i
137 4743 265 4806 λογοποιὸς
274 4742 440 4805 micetmicet
448 4743 588 4805 maritat·
603 4741 632 4792 οὗ
641 4743 820 4801 miseriacum:
828 4744 880 4806 πιρὶ
891 4743 931 4792 τὸν
940 4741 1013 4792 τόπον
1024 4748 1107 4794 τοῦτον
1116 4744 1221 4797 >aiaraci
1233 4745 1338 4806 τοῦνομα
1351 4745 1430 4805 recti,
1443 4746 1512 4809 φημὶ,
1523 4747 1557 4801 ὥς
1571 4745 1682 4802 Ἕλληνος
1694 4745 1732 4794 ls'·

113 4831 188 4876 γινοι,
199 4813 414 4866 bocusaddendns
425 4814 564 4877 fragmentis
579 4815 693 4864 iiccairel.

143 4883 190 4947 θ’)
200 4887 239 4934 st
254 4885 283 4934 B.
298 4884 440 4941 ιἙλινιιος,
448 4884 520 4939 τόπος
530 4884 585 4946 πρὸς
594 4889 628 4946 τῷ
636 4883 757 4947 Κανώιῳ·
769 4883 892 4940 ’Ἑκαταῖος
899 4886 1034 4950 septupium
1043 4885 1139 4943 Δνθὸης.
1147 4885 1182 4937 'it
1194 4883 1283 4934 ιινινιὸν
1292 4882 1426 4940 Ἔλινιιιῦς.
1434 4885 1517 4942 Quum
1527 4882 1552 4931 in
1564 4879 1640 4943 Libya
1650 4893 1733 4930 recen

114 4957 193 5003 serim
207 4955 287 5014 iocus,
299 4951 332 5002 ab
341 4952 468 5002 ocddente
483 4953 597 5003 canobioi
606 4953 660 5002 ostii
671 4952 803 5016 ponendis.
817 4953 908 5006 ibidem
921 4957 1085 5006 collocandam
1101 4969 1153 5007 esse
1168 4955 1264 5008 anonis
1277 4955 1362 5017 urbem
1376 4965 1391 5004 e
1403 4957 1487 5004 nostro
1497 4953 1589 5016 periplo
1601 4951 1730 5014 colligitur,

114 5025 172 5073 etex
183 5024 280 5074 ratione
290 5035 341 5085 qna
351 5021 440 5072 iabme
453 5023 555 5083 canolii,
564 5023 687 5074 iboniset
699 5025 790 5076 iieienti
802 5027 899 5074 nomina
907 5027 1143 5088 iunguntprobsbiie
1154 5027 1190 5076 iit.
1202 5053 1234 5068 ·-
1244 5028 1272 5075 in
1281 5025 1397 5076 iieiianlcl
1408 5024 1439 5075 ir.
1451 5027 1460 5085 i
1472 5026 1499 5074 12.
1513 5025 1543 5073 ii.
1552 5025 1571 5072 t.
1585 5025 1628 5083 iv,
1637 5035 1661 5084 p.
1672 5025 1729 5080 tta)

114 5090 336 5156 mariandyna&
351 5097 397 5143 288
409 5091 736 5156 provulgaldadoritroell.
750 5095 819 5155 θὼν)
832 5096 1028 5158 §semiramis
1041 5094 1404 5157 rmaiwaaiecenpaatrtm
1413 5091 1731 5155 crdpame,leglpossllaoii

114 5165 227 5214 Κονὼὄοο
239 5165 302 5214 κατὰ
311 5164 339 5212 τὸ
349 5163 487 5226 Ἡράκλειον
496 5162 588 5225 criptam
599 5167 624 5213 al
634 5164 677 5224 lea.
692 5166 772 5226 potius
781 5169 823 5213 τοῦ
831 5165 971 5214 nouitate
985 5169 1028 5214 τοῦ
1037 5168 1077 5214 καὶ
1089 5167 1153 5229 ‘ilp.,
1160 5166 1248 5214 collata
1259 5177 1314 5226 quae
1322 5164 1414 5226 absque
1423 5163 1529 5211 aucturis
1541 5163 1637 5212 nomine
1646 5159 1730 5210 eadem

115 5233 183 5283 reteri
197 5233 382 5284 Euslaibiusad
397 5235 468 5282 iiom.
484 5231 501 5282 i.
513 5232 529 5282 i.
543 5247 549 5280 :
565 5235 629 5282 Φασὶ
645 5235 669 5282 ii
687 5235 757 5284 αὐτὸν
770 5235 868 5296 pamla'a
879 5235 938 5284 ιῖνοιι
949 5239 992 5284 τοῦ
1008 5237 1070 5284 κατὰ
1083 5236 1195 5284 Haliardoi
1207 5236 1310 5299 littidum
1320 5235 1446 5296 στόματος,
1463 5233 1556 5295 εὑρέτην
1565 5235 1668 5297 ἰατρικῆς
1676 5233 1731 5290 παρ’

114 5305 256 5366 Αἰγυπτίας,
266 5305 323 5368 uap'
336 5303 365 5352 οὗ
376 5304 418 5352 καὶ
429 5303 495 5352 πόλιν
505 5306 580 5354 θῶνιν
591 5305 600 5367 (
610 5307 689 5362 emo:
701 5305 776 5355 scltol.
793 5306 881 5369 llum.)
894 5305 1059 5368 impendium.
