3950 5925
226 428 280 478 m
836 404 887 465 ax
908 402 1215 465 aaarnaacnrua
1768 396 1836 477 (e.)
1944 355 1945 389 ί

145 559 217 611 l‘bot.
225 546 307 605 ύοῦσα
317 546 370 611 τοῖς
381 543 525 601 testamen
535 538 668 619 αίφνῑδίως
678 540 707 597 lt
717 541 763 608 τῆς
770 538 902 610 θαλάττης
911 540 1005 618 ὄγκοις·
1052 555 1181 599 mescente
1195 562 1226 597 ex
1242 544 1307 595 mari
1329 542 1426 604 lluctu,
1443 548 1549 610 repente
1567 550 1700 610 susceptos
1713 543 1835 593 servavit.

224 632 290 691 ίπδν
303 632 330 691 δὲ
348 631 417 707 λήγῃ
435 629 469 687 τά
484 634 531 699 τῆς
543 631 655 708 τρορῆς,
675 629 756 703 μυρίοι
773 627 821 703 μὲν
836 628 1006 708 ἀναδέχονται
1052 630 1167 699 Quando
1179 648 1240 683 vero
1251 629 1373 682 alimenta
1384 626 1521 690 deliciunt,
1537 626 1681 677 innumerae
1693 627 1838 680 succedunt

222 721 309 792 πάθη,
323 719 393 784 τέλος
404 719 588 775 ἀναλίσκονται
602 713 725 785 πάντεςῆ
738 714 914 794 λιμῷῆίτοῧ
928 720 1006 793 λιμοῦ
1051 720 1212 783 anxietates,
1227 715 1312 769 donec
1320 714 1353 767 nd
1369 715 1493 768 ultimum
1505 731 1596 766 omnes
1606 713 1782 767 alasumuntur
1793 726 1837 767 aut
1948 720 1949 748 l

144 898 216 949 Diod.
225 888 248 944 δ’
259 886 327 964 αὐτῇ
336 907 400 965 ρασι
414 881 569 959 συμύαίνειν
582 884 611 939 ού
620 880 664 939 διδ
674 880 704 939 τὸ
715 880 764 952 τὴν
773 886 825 941 τῶν
835 886 919 963 ὑγρων
930 884 1007 964 ρύσιν
1051 894 1132 964 eopia
1152 892 1314 945 adscribunt.
1352 890 1469 944 Navibus
1487 890 1566 959 igitur
1577 891 1688 959 remigio
1704 890 1837 943 instructis

197 964 290 1035 “illm
310 970 444 1047 ³⁰²“lPlb
466 971 536 1029 ἀλλὰ
559 970 603 1029 llll
616 970 646 1027 ‘l
662 972 760 1041 πλῆθος
774 976 818 1028 τοῦ
834 972 1008 1051 ll²i²²l⁰i²l*
1051 994 1176 1049 locusille
1193 1005 1357 1066 opportunus
1368 1005 1422 1059 ast,
1438 994 1510 1065 quod
1524 1011 1557 1046 ex
1577 993 1723 1064 longinquo
1743 994 1839 1047 linctus
1951 997 1952 1007 ¹

222 1085 267 1120 νου
280 1063 338 1120 καθ’
350 1059 443 1127 ύδατος
458 1058 533 1137 μνίου
548 1057 593 1117 καλ
605 1058 712 1138 φύκους.
754 1061 822 1126 Ταῖς
833 1060 881 1135 μὲν
893 1054 937 1119 σύν
949 1063 1008 1119 ἐπι·

223 1148 320 1214 κώποις
332 1151 383 1206 τῶν
402 1149 467 1206 νεῶν
481 1146 583 1213 ιύθιτύς
605 1147 676 1205 ἔστιν
690 1148 705 1203 δ
718 1146 810 1218 τόπος,
825 1146 947 1205 κλύδωνα
960 1146 1007 1223 μὲν

223 1238 269 1295 ούκ
282 1239 312 1294 ἐκ
329 1237 427 1293 πολλοῦ
448 1234 544 1293 κυλίων
557 1233 753 1311 διαστήματος,
767 1233 848 1314 θήρας
868 1235 891 1292 δ’
911 1234 1008 1315 ἰχθύων
1464 1303 1470 1315 Ι
1634 1302 1640 1315 ¹
1783 1306 1788 1316 Ι

223 1324 357 1390 ἀπλύτους
366 1321 553 1402 παρεχόμενος·
564 1324 592 1380 al
602 1320 630 1380 di
640 1320 699 1387 τοὺς
713 1321 1008 1402 ίλέρανταςδιάγουσαι,
1052 1306 1160 1370 “slnaet
1175 1314 1232 1357 lum
1246 1314 1383 1357 ‘melum
1400 1312 1538 1373 immites
1554 1320 1655 1373 m⁸8⁰¹⁵
1668 1313 1694 1356 ⁰¹
1708 1304 1840 1357 ²¹l⁰⁰¹l1l¹⁵

186 1433 212 1470 ru
225 1411 268 1470 διδ
281 1411 315 1469 τά
339 1410 409 1490 βάρη
433 1410 577 1489 βαθύπλοοι
597 1414 762 1469 καθεστῶσαι
784 1409 828 1467 καί
846 1419 903 1477 ταῖς
923 1435 1009 1470 κατα.
1053 1418 1145 1461 nautas
1165 1406 1287 1479 periculis
1302 1405 1450 1459 involvunt.
1487 1406 1548 1460 Non
1565 1407 1711 1459 tamenim
1731 1407 1840 1459 intensis

225 1507 331 1565 σκευαῖς
342 1497 482 1577 ἔμύρῑθεῖτ,
494 1499 624 1575 μεγάλους
633 1498 678 1557 καί
689 1497 786 1564 δεινούς
797 1498 948 1578 ἐπιφέρουσι
959 1522 1011 1557 xut-
1053 1513 1188 1565 concitatae
1200 1510 1278 1574 velis,
1299 1519 1326 1561 ct
1344 1519 1483 1561 ventomm
1504 1508 1605 1579 impetu
1621 1508 1671 1561 sub
1685 1518 1790 1561 noctem
1808 1527 1840 1561 eo

226 1588 316 1653 δίνου(
336 1592 390 1652 wli
406 1587 434 1643 ll
449 1586 540 1652 αὐταῖς
559 1585 678 1646 πλέουσί·
719 1585 829 1665 ¹³²le
849 1584 901 1665 ‘lli’
919 1586 1009 1644 ἱστίων
1053 1612 1207 1686 compulsae,
1222 1631 1295 1666 nune
1307 1610 1340 1665 ad
1354 1611 1475 1683 scopulos
1490 1610 1625 1681 naufragia
1639 1610 1756 1675 iaciunt,
1769 1629 1841 1665 nunc

225 1675 348 1746 θύουσαι,
363 1671 409 1731 καὶ
431 1670 475 1731 διά
488 1672 536 1745 τὴν
550 1676 603 1731 τῶν
625 1673 781 1748 πνιυμάτων
803 1672 863 1751 βίαν
882 1673 1009 1741 πολλάκις
1054 1712 1062 1725 ·

290 1761 298 1780 ,
337 1756 397 1818 ‚od
506 1758 548 1819 δή
641 1759 654 1818 ἐ
871 1765 889 1781 ⁸„
1054 1729 1081 1763 ιιι
1095 1710 1205 1763 isthmos
1225 1710 1331 1763 limosos
1344 1708 1509 1762 deseruntur.
1546 1709 1602 1761 Nec
1615 1708 1841 1762 exscendendila·

201 1760 1010 1926 3ἰζὶἶῦζὲἶοζρμὲἵῖξέτεναζῖζδξςτῗζθῐοῖίςᾝῖτῖἶᾙῐ
1054 1808 1135 1861 cultas
1156 1806 1234 1861 datur
1254 1806 1357 1871 nautis,
1373 1804 1445 1876 quod
1464 1805 1560 1857 vadum
1577 1805 1686 1859 bomine
1706 1806 1782 1859 altius
1796 1808 1840 1859 sit.

226 1936 254 1993 δί
263 1940 356 1993 ναῦται
368 1933 589 2013 παρακαταάῆναι
601 1932 648 2011 μίν
659 1906 816 1993 ἀδυνατοῦσι
827 1934 871 1992 διὰ
880 1934 911 1993 σθ
920 1935 1011 1993 πλοῖον
1053 1907 1113 2013 ΙΨ
1127 1906 1149 1957 ⁸i
1161 1922 1253 1958 mem
1270 1904 1355 1957 ⁰⁰⁰²ss
1369 1902 1527 2011 impellenfl⁰
1543 1902 1608 2008 nibil
1626 1902 1771 2012 quidqmm·
1785 1902 1841 1955 ‘m'

226 2012 294 2079 am
312 2020 341 2079 τὸ
366 2019 444 2099 βάθος
462 2020 660 2099 ἀνδρομήκους,
676 2020 720 2080 διὰ
740 2020 768 2079 δρ
782 2024 835 2080 τῶν
855 2025 952 2080 κοντῶν
972 2024 1011 2101 τῷ
1055 2012 1145 2066 crunt,
1173 2010 1329 2053 cunctorum
1351 2009 1447 2069 praeter
1475 1998 1548 2051 cibos
1572 2009 1703 2068 jacturam
1724 1998 1840 2065 sacrunt;

226 2108 321 2188 σκάροι
343 2111 495 2186 βοηθοῦντος
511 2108 575 2167 ὅταν
596 2107 678 2185 μηδὲν
698 2108 823 2186 ἀνύωσιν,
838 2108 1010 2167 ἐκὸάλλουσιν
1055 2096 1149 2169 qu⁰d⁸l
1162 2113 1195 2149 ¹¹⁰
1206 2097 1244 2149 ³¹⁰
1254 2094 1362 2165 ‘l'Iidem
1371 2094 1480 2147 ⁵³l¹¹¹⁶¹¹¹
1493 2094 1541 2146 ⁵ll³l
1554 2096 1714 2165 Pfflmlflb
1727 2094 1761 2147 id
1771 2113 1841 2147 ⁵⁰⁰¹·

227 2196 332 2253 άπαντα
355 2194 425 2266 πλὴν
442 2198 489 2267 τῆς
511 2198 623 2277 τρορῆς·
643 2194 697 2254 οὐδ’
712 2194 780 2271 οὕτω
800 2196 828 2253 δὲ
846 2199 893 2267 τῆς
913 2198 1011 2276 τρορῆς
1055 2211 1111 2247 mas
1134 2192 1290 2263 rediguntur
1310 2192 1460 2259 angmtias3
1482 2208 1531 2244 nec
1550 2192 1622 2244 enim
1643 2190 1770 2255 insulam,
1795 2210 1843 2243 nec

1051 1117 1105 1153 non
1113 1098 1559 1169 advolvatur,uberemqnepiscium
1566 1108 1700 1169 capturam
1707 1098 1837 1152 exhibeat.

1052 1206 1088 1257 At
1109 1218 1167 1273 quae
1189 1201 1337 1273 elephantes
1360 1211 1555 1272 transportant,
1579 1210 1636 1253 tuna
1659 1200 1839 1271 profunditate

227 2364 297 2415 -3.
312 2362 382 2423 τέλος
391 2361 418 2415 δὲ
426 2360 804 2431 editt.;pantcutatta00dd.
815 2364 911 2415 nostris
924 2362 1012 2428 abest,
1058 2361 1156 2414 relerre
1186 2361 1269 2431 possis
1296 2376 1376 2429 quam
1403 2358 1586 2413 Artemidorus
1613 2368 1741 2411 memorat
1768 2362 1844 2425 νῆσον

228 2458 315 2511 neque
326 2458 440 2511 eaopus.
454 2441 465 2509 ΙΙ
476 2442 561 2492 —De
572 2439 651 2493 rebus
663 2440 745 2493 fusius
751 2439 1011 2511 exponitDiodoms,
1059 2438 1130 2510 ἐλαίᾳ
1150 2441 1285 2509 κατάφυτον
1303 2436 1504 2507 ἔπυιλυζομένην,
1520 2436 1619 2489 Eadem
1644 2437 1728 2489 insula
1740 2436 1780 2490 vel
1795 2438 1844 2491 alia

227 2536 290 2571 eum
300 2536 354 2588 qno
366 2516 541 2570 conferendus
553 2517 737 2571 Artemidorus
749 2517 821 2589 apud
832 2519 954 2572 strabon.
968 2520 1013 2571 Se·
1059 2520 1086 2571 in
1101 2519 1153 2572 alto
1166 2520 1248 2587 magis
1258 2516 1347 2588 jacens
1360 2518 1469 2587 proprio
1488 2516 1595 2569 nomine
1607 2516 1637 2567 in
1647 2515 1758 2568 Diodori
1772 2518 1845 2568 eodi-

228 2595 348 2648 cundum
362 2594 511 2647 Diodorum
524 2613 571 2647 ora
583 2606 643 2666 post
655 2597 742 2648 sinum
752 2596 924 2650 immundum
937 2598 1015 2649 meri·
1059 2598 1133 2650 cibus
1146 2597 1246 2667 δίαρία,
1259 2614 1274 2649 a
1291 2596 1376 2650 Plinio
1386 2598 1488 2658 Murra,
1506 2613 1523 2648 a
1535 2594 1675 2648 Ptolemaeo
1687 2596 1816 2666 Μύρωνος,
1830 2616 1846 2649 a

229 2676 302 2728 diem
322 2691 412 2727 versus
428 2673 514 2727 tendit
530 2691 614 2745 nsque
626 2674 661 2727 ad
674 2675 799 2746 ἲκοτηρίας
815 2678 826 2745 (
831 2676 945 2747 Σωτῆρος
959 2694 1013 2729 var.
1059 2679 1157 2747 Gange.
1171 2680 1235 2729 liav.
1251 2674 1351 2730 Martis
1366 2674 1450 2727 insula
1466 2674 1620 2748 appellatur.
1640 2673 1743 2728 Deinde
1760 2678 1846 2746 scqui-

229 2753 301 2818 leet.;
324 2752 426 2805 sorim
448 2753 539 2821 Poggii
561 2754 684 2824 interpr.;
714 2754 822 2824 Σωτίρας
851 2754 1013 2821 Artemidor,
1060 2766 1104 2808 tur
1118 2761 1169 2809 iias
1190 2754 1565 2821 AssizsiveAseense(18⁰,
1590 2753 1635 2817 σθ’
1655 2756 1676 2823 ),
1698 2755 1845 2825 peninsula,

229 2832 351 2902 Σωτήρων
371 2830 461 2900 Ptol.)
481 2840 600 2901 portum,
622 2843 681 2902 post
701 2850 781 2901 quem
794 2831 909 2885 delleetit
926 2850 1016 2885 versus
1059 2834 1200 2905 perhumili
1214 2834 1316 2886 cervice
1331 2850 1441 2885 arenosa
1456 2849 1516 2883 curn
1531 2833 1683 2884 continente
1694 2832 1844 2897 cohaerens,

230 2922 329 2976 ortum,
348 2911 473 2980 sinusque
489 2908 520 2962 fit
536 2912 680 2979 angustior.
703 2909 778 2964 Idem
800 2910 882 2965 tradit
901 2913 1016 2966 Artemi·
1060 2912 1126 2966 adeo
1138 2923 1167 2966 ut
1178 2911 1262 2966 insula
1275 2929 1306 2964 ex
1323 2909 1470 2981 longinquo
1480 2909 1609 2964 videatur.
1621 2912 1696 2964 Hanc
1713 2928 1768 2964 esse
1784 2914 1847 2965 Pto-

230 2991 322 3042 dorus.
342 2990 451 3043 Photius
461 2987 496 3040 de
514 2987 639 3041 eolitoris
656 2989 726 3043 llexu
738 2989 789 3042 boc
804 2989 863 3042 loco
881 2990 957 3055 nibil,
970 2990 1016 3044 sed
1061 2990 1198 3044 lemaidem
1213 2996 1261 3044 τῶν
1282 2991 1362 3062 θηρῶν
1382 2990 1421 3043 vel
1438 2989 1592 3062 Epitdernm
1615 2989 1705 3062 (Plira
1722 2989 1743 3062 ),
1756 2991 1847 3060 κτίσμα

159 3067 162 3074 '
231 3071 334 3136 initias
351 3071 384 3130 84
396 3068 433 3120 ait
448 3086 463 3120 a
480 3068 576 3121 Tauris
586 3069 721 3121 montibus
739 3079 766 3121 et
783 3067 944 3121 Ptokmaide
961 3087 1016 3122 non
1062 3069 1221 3142 Εὐμήδους...
1246 3070 1326 3140 λάθρα
1341 3067 1551 3140 περιύαλλομίνου
1571 3065 1716 3140 papnnutium
1737 3068 1785 3120 τινί
1802 3070 1848 3122 τά-

230 3148 343 3219 amplius
363 3145 502 3200 meridiem
522 3163 612 3200 sersus
630 3165 705 3201 oram
729 3146 852 3214 tendere,
870 3147 916 3202 sed
928 3159 1015 3202 ortum
1061 3167 1121 3218 φρον
1136 3149 1178 3200 καὶ
1200 3147 1329 3218 περίάολον
1346 3145 1472 3218 (Artem.
1487 3149 1515 3214 ),
1530 3147 1620 3199 statuit
1640 3145 1802 3200 D'Anvillius
1821 3157 1849 3201 et

233 3244 322 3279 versus
332 3224 472 3278 declinare.
481 3225 562 3293 Quod
572 3227 657 3297 ipsum
668 3228 747 3280 etiarn
756 3226 913 3296 Diodorus5
924 3231 956 3292 84
971 3229 1018 3282 ba·
1062 3227 1191 3292 Valentia,
1205 3228 1251 3297 qui
1260 3243 1329 3297 pone
1341 3241 1400 3278 earn
1414 3225 1442 3276 in
1454 3226 1561 3293 regione
1574 3225 1709 3276 A'reselitnn
1720 3225 1849 3296 plurimos

231 3306 288 3370 bet,
303 3322 462 3376 quamquam
474 3304 530 3358 haee
541 3305 575 3358 ad
589 3307 700 3360 eandem
717 3307 800 3360 litoris
815 3308 1016 3364 declinationem
1063 3306 1157 3376 degere
1177 3305 1329 3376 elephantos
1351 3314 1524 3374 compererat.
1548 3305 1602 3356 Nec
1620 3303 1732 3356 multum
1749 3322 1765 3356 a
1785 3323 1849 3356 vero

231 3385 372 3456 pertinent,
387 3383 421 3435 de
440 3401 493 3455 qua
508 3387 523 3452 §
539 3385 571 3436 83
585 3382 640 3454 jam
655 3397 803 3440 monuerat.
825 3389 893 3441 Nam
905 3390 1018 3442 Soterias
1062 3383 1195 3437 aberrasse
1216 3383 1348 3437 videntur.
1370 3383 1439 3434 Nam
1452 3399 1535 3454 prope
1553 3381 1740 3436 Ptolemaidem
1761 3383 1848 3437 lacum

231 3472 324 3534 portus
340 3472 367 3515 et
383 3463 465 3514 Tauri
488 3471 514 3514 et
538 3461 677 3516 Ptolemais
695 3463 728 3517 ad
751 3464 866 3519 eundem
886 3469 1019 3537 pertinent
1063 3479 1119 3514 esse
1131 3460 1277 3514 Monoleum
1290 3459 1367 3514 docet
1378 3460 1489 3516 Plinius.
1501 3462 1560 3514 Jam
1572 3477 1634 3512 vero
1643 3461 1671 3512 in
1684 3479 1778 3532 mappa
1789 3465 1846 3516 blo·

232 3549 356 3592 tractum.
377 3540 476 3592 Seriem
493 3539 611 3594 locorum
626 3541 780 3595 Ptolemaeus
801 3543 900 3614 prabet
922 3545 1017 3599 banc:
1064 3537 1150 3609 resbyl
1166 3537 1236 3590 lacus
1249 3555 1360 3608 magnus
1381 3547 1489 3590 nolalur
1504 3537 1591 3610 paullo
1609 3549 1668 3609 posi
1687 3543 1740 3592 llas
1759 3541 1850 3594 Houu'e

233 3616 324 3687 Γαῦρος
340 3616 378 3688 (Ι.
391 3617 484 3687 Ταῦρος
498 3620 509 3686 )
525 3619 597 3688 δρος,
612 3619 681 3672 θεῶν
695 3621 812 3691 σωτήρων
831 3621 926 3693 λιμήν,
941 3622 1020 3694 Εθαγ.
1066 3617 1143 3689 (Itur
1156 3615 1258 3684 aranda
1275 3634 1318 3687 ap.
1333 3617 1456 3688 Moresby
1471 3615 1497 3690 ),
1512 3616 1578 3670 adeo
1596 3628 1626 3670 ut
1637 3618 1709 3671 bunc
1727 3621 1849 3677 esnello-¹

233 3695 314 3766 γέλων
334 3694 428 3766 lepris,
453 3693 594 3766 Πτολεμαῒς
615 3702 664 3750 τῶν
685 3699 775 3768 θηρῶν.
797 3701 830 3752 In
857 3700 1019 3754 Artemidori
1064 3696 1170 3749 noleum
1183 3696 1267 3749 virsit
1280 3695 1403 3749 dubium.
1415 3698 1488 3750 Inter
1498 3697 1616 3751 Taurum
1625 3707 1651 3749 et
1662 3697 1848 3752 Ptolemaidem

233 3773 363 3844 excerptis
372 3773 422 3825 loci
432 3785 613 3828 memorantur
620 3776 672 3830 boe
680 3776 791 3830 ordine:
804 3778 1018 3850 Σωτείραςλιμήν,
1067 3775 1200 3829 Astaborae
1219 3773 1368 3846 ἀπόσπασμα
1385 3778 1413 3828 in
1432 3775 1601 3846 mareegredi
1620 3777 1761 3829 auctorest
1775 3781 1850 3831 Arte·

233 3853 324 3922 Ταῦροι
337 3853 397 3922 ὄρη,
413 3852 503 3914 Ἴσιδος
515 3853 586 3922 ὄρος,
602 3858 675 3921 νῆσος
693 3854 763 3926 ἐλαίᾳ
774 3857 909 3927 κατάφυτος
922 3856 1019 3910 inula.
1065 3853 1198 3917 midorus;
1209 3853 1359 3925 quodpatet
1371 3855 1566 3925 intelligendum
1576 3855 1672 3908 esseda
1685 3855 1766 3910 Wadi
1773 3857 1849 3909 stia-

234 3929 508 4002 ζορένη,[1τολεμαίς.
529 3931 623 3985 Salutis
638 3944 730 4004 portus
742 3933 901 4005 respondere
917 3935 1022 3990 videtur
1065 3934 1148 3996 temb,
1171 3933 1217 4003 qui
1235 3933 1285 3985 sub
1302 3933 1393 3986 eadem
1413 3933 1467 3987 lere
1488 3933 1626 3988 latitudine
1641 3935 1669 3988 in
1687 3952 1759 3988 mare
1778 3936 1847 3999 exit,

235 4007 366 4060 hodierno
382 4008 527 4072 &rulime
543 4027 599 4079 quo
612 4029 665 4063 non
686 4011 762 4082 longe
782 4012 879 4066 distare
890 4013 1018 4082 debebat,
1066 4014 1115 4080 sub
1126 4030 1179 4083 qua
1194 4011 1335 4066 Astaboras
1352 4014 1380 4066 in
1396 4013 1486 4066 Nilum
1498 4014 1595 4066 inlluit.
1607 4016 1639 4066 ln
1655 4013 1760 4084 Periplo
1773 4016 1851 4066 maris

236 4088 291 4138 sive
304 4087 411 4140 boream
431 4089 486 4140 sive
499 4087 637 4142 meridiem
652 4108 756 4156 versus,
769 4092 874 4144 Taurus
884 4111 961 4145 mons
980 4095 1021 4148 vel
1067 4093 1181 4147 Rubria
1203 4092 1328 4144 Berenice
1348 4091 1382 4145 ad
1399 4092 1585 4146 Ptolemaidem
1607 4103 1782 4146 numerantur
1799 4104 1851 4146 sta·

235 4167 316 4217 Tauri
331 4176 434 4218 montes
459 4166 589 4237 (Ταυρικδι
610 4169 654 4238 ὄρη
674 4168 786 4222 Diodori
809 4170 889 4224 codd.
908 4174 1019 4243 optimi,
1066 4169 1110 4224 dia
1124 4174 1210 4234 icoo,
1226 4170 1272 4239 qui
1285 4180 1425 4240 computus
1439 4171 1466 4223 in
1488 4170 1575 4224 locum
1595 4170 1750 4224 Ptolemaidi
1771 4171 1852 4224 modo

236 4245 354 4314 Τύρκαιον
369 4246 424 4316 ὄρος
432 4257 557 4317 corrupte
569 4265 648 4319 supra
661 4251 676 4316 ς
688 4267 733 4318 79,
747 4249 793 4302 ubi
804 4250 863 4302 vide
875 4249 896 4322 ).
945 4253 1022 4305 Isidis
1067 4250 1224 4318 assignatum
1241 4247 1308 4300 bene
1328 4246 1454 4317 quadrat,
1468 4247 1563 4318 quodsi
1578 4265 1640 4301 vero
1651 4248 1714 4302 binc
1725 4265 1808 4318 usque
1819 4247 1852 4300 ad

237 4339 389 4374 mensuum
399 4332 469 4375 reete
480 4322 602 4395 deinceps
611 4337 726 4396 ponatur
738 4327 772 4380 ab
782 4327 961 4394 Artemidoro,
971 4329 1022 4384 du·
1067 4326 1166 4382 Adulin
1181 4326 1299 4397 Periplus
1310 4343 1365 4378 esse
1378 4327 1414 4378 ait
1425 4325 1507 4379 stadia
1522 4327 1605 4392 3000,
1623 4343 1706 4396 quum
1727 4326 1770 4378 vix
1783 4331 1854 4381 2500

237 4401 321 4453 bitare
344 4401 414 4467 licet,
435 4405 561 4472 quoniam
583 4404 738 4458 Ptolemaeus
763 4406 840 4459 ’ίσιον
861 4408 917 4477 ὄρος
941 4420 1023 4479 ponat
1067 4406 1130 4470 sint,
1145 4414 1234 4476 aperte
1251 4414 1297 4457 aut
1314 4415 1406 4456 auctor
1421 4405 1527 4468 σκηνὴ,
1542 4414 1587 4456 aut
1600 4402 1684 4456 codex
1697 4402 1854 4474 depravatus

239 4481 309 4550 (τιο
323 4480 384 4549 ao')
396 4498 479 4551 prope
495 4485 548 4554 Cup
565 4483 681 4549 Calmes,
694 4485 768 4557 isque
782 4504 858 4539 mons
872 4497 947 4539 tanto
960 4486 1022 4540 saci·
1068 4494 1121 4548 est;
1131 4493 1223 4536 contra
1234 4485 1295 4536 satis
1304 4494 1374 4536 recte
1388 4483 1488 4536 Plinius
1496 4483 1556 4555 (VI,
1570 4481 1615 4555 31)
1625 4480 1812 4536 Ptolemaidem
1821 4483 1854 4536 ab

239 4557 289 4610 lius
300 4568 359 4628 post
382 4569 502 4611 nostrum
526 4560 619 4634 Salutis
641 4573 749 4632 portum
765 4566 900 4635 transponi
920 4567 1022 4635 potuit,
1068 4563 1148 4617 Aduli
1162 4562 1259 4615 distare
1274 4564 1311 4616 ait
1328 4563 1492 4632 navigatione
1506 4561 1610 4615 dierum
1629 4563 1762 4634 quinque;
1782 4561 1854 4632 quod

239 4653 321 4706 quum
335 4636 412 4688 altius
431 4635 543 4691 deorum
566 4640 756 4710 sospitatorem
777 4653 886 4712 portus,
907 4643 1024 4696 Διοσκοθ-
1069 4641 1162 4694 eodem
1188 4641 1268 4694 modo
1289 4639 1486 4710 intelligendum
1506 4650 1622 4711 est,quo
1641 4640 1729 4712 paullo
1744 4650 1804 4710 post
1822 4640 1856 4693 ab
1945 4667 1950 4676 ·

239 4734 289 4784 ρων
302 4712 389 4784 λιμὴν,
404 4733 487 4786 prope
501 4719 582 4770 isium
599 4730 718 4772 montem
736 4721 902 4774 aPtolemaeo
926 4741 1025 4776 memo·
1071 4721 1150 4774 Aduli
1171 4719 1203 4772 ad
1217 4718 1292 4772 Isidis
1310 4729 1417 4790 portum
1433 4718 1443 4790 (
1458 4737 1511 4772 non
1525 4717 1628 4788 longea
1650 4717 1768 4771 saucibus
1784 4719 1857 4770 sinus

241 4803 315 4846 retur
336 4793 433 4864 (ατο).
449 4793 526 4848 Fides
547 4798 628 4866 igitur
640 4809 696 4851 esto
713 4816 794 4869 penes
814 4799 1023 4856 Artemidorum.
1071 4799 1177 4853 Arabici
1189 4800 1268 4850 situm
1282 4798 1291 4870 )
1306 4798 1398 4851 eJuba
1408 4797 1553 4851 refertesse
1567 4797 1657 4850 decem
1671 4797 1728 4850 dies
1743 4797 1855 4864 ιαπίςὶί.

240 4869 391 4942 libentius
404 4871 493 4942 λιμένα
501 4875 633 4929 Ptolemaei
642 4876 762 4930 Valentia
773 4877 782 4948 (
793 4879 829 4943 II,
839 4895 867 4949 p.
884 4879 952 4952 273)
965 4898 1027 4951 pro-
1071 4876 1150 4930 Unde
1159 4877 1232 4930 belle
1240 4888 1311 4948 patet
1320 4878 1348 4930 in
1359 4880 1439 4931 unius
1449 4877 1502 4931 diei
1514 4877 1705 4946 navigationem
1717 4877 1743 4928 in
1756 4876 1859 4946 bispla·

240 4949 424 5018 habiliteresse
435 4954 670 5024 oensetpulcbrum
681 4966 707 5008 et
722 4955 973 5026 profundummaris
984 4980 1026 5014 m.
1072 4957 1111 5025 gis
1125 4953 1305 5027 perdifficilem
1324 4975 1378 5008 non
1397 4957 1465 5010 ultra
1478 4956 1669 5027 quadringenta
1689 4954 1772 5008 stadia
1783 4972 1859 5025 posse

241 5048 342 5083 erassum
352 5033 397 5100 qui
410 5041 470 5101 post
477 5032 571 5084 multas
585 5033 681 5086 insulas
690 5036 862 5107 scopulosque
871 5036 932 5090 latet
944 5057 1027 5111 prope
1072 5036 1228 5106 computari.
1241 5035 1402 5088 Reichardus
1414 5036 1422 5107 (
1435 5038 1479 5088 A'l.
1491 5053 1577 5103 geogr.
1593 5033 1732 5104 Schriften,
1741 5051 1768 5105 p.
1781 5038 1833 5096 ion
1849 5033 1857 5100 )

243 5109 588 5172 RnsHowie,inrnareillud
595 5113 875 5182 procurrens,sedtam
883 5116 1027 5180 humile,ut
1071 5113 1238 5168 ptolemaidis
1251 5115 1436 5168 chersonesum
1454 5133 1509 5168 esse
1531 5125 1606 5186 putat
1625 5117 1678 5167 lios
1694 5111 1788 5166 Alarici
1804 5113 1860 5164 sive

243 5204 275 5236 cs
288 5197 361 5255 parte
374 5188 453 5240 undis
465 5199 566 5256 tegatur
579 5190 587 5260 (
598 5209 622 5240 ν.
636 5193 776 5260 Bergbaua
789 5194 900 5247 Memoir
911 5214 935 5248 z.
948 5201 1028 5248 Kurte
1073 5195 1146 5248 Atti·
1156 5211 1238 5264 prope
1252 5205 1356 5265 portum
1376 5195 1552 5260 Moruingtnn.
1567 5191 1647 5261 Quod
1662 5193 1708 5244 etsi
1721 5191 1808 5244 minus
1820 5201 1861 5244 cst

247 5281 273 5313 n.
286 5266 369 5315 Areia
385 5283 412 5334 p.
425 5270 457 5328 ii
473 5270 493 5335 ).
508 5271 596 5334 Quare
610 5268 642 5320 ad
655 5271 739 5340 lpum
755 5273 805 5324 boc
816 5276 1027 5344 promontorium
1074 5272 1217 5345 proliabile,
1236 5275 1339 5325 normisi
1357 5273 1500 5344 paullulum
1514 5291 1528 5325 a
1541 5273 1666 5326 Valentiae
1678 5271 1805 5324 sententia
1819 5287 1861 5322 re·
