3950 5925
560 430 565 443 .
638 382 688 440 DE
708 380 1016 444 AGATHARCHIDE
1037 384 1180 445 CNllllO.
1639 412 1718 455 txru

99 522 175 577 niam
192 536 221 579 et
246 522 397 581 Persidem
422 525 568 585 novimus.
590 526 733 587 Indicium
749 530 792 587 rei
814 530 889 589 inest
938 542 1005 589 ctes.
1023 530 1101 588 Nilril
1117 532 1173 589 nisi
1186 532 1240 589 hoc
1255 532 1480 608 Agatharchides
1491 534 1563 609 agit,
1577 540 1719 596 utinsoli·

96 620 247 696 excerptis
257 641 287 698 p.
299 622 393 697 139‚4
406 641 451 699 sq.
460 622 623 681 cumPlinii
634 626 800 683 narratione
811 624 887 699 lx‚2
936 640 964 684 ta
979 641 1008 685 et
1021 627 1169 685 mirabilia
1184 643 1319 705 exponat.
1336 631 1448 689 Πολλῶν
1470 630 1650 711 ὑπαρχόντων,
1667 635 1719 704 ait,

96 736 134 789 (ι’,
150 737 182 791 p.
202 717 259 773 135
275 718 353 793 ιιοῑ.)
365 720 582 796 comparandis.
936 720 1088 796 θαυμασίων
1108 722 1152 778 καί
1173 722 1262 801 πόρρω
1278 723 1404 799 κειμένων
1422 724 1475 783 ἀπὸ
1496 730 1544 797 τῆς
1563 725 1717 803 συνηθείας,

136 832 189 886 97.
203 811 257 869 ilis
271 812 424 871 defunctus
438 814 633 890 (Διεληλυθόιες
645 814 673 872 dl
689 815 809 895 περὶτῶν
823 838 889 895 παρ·
935 812 1027 879 αὐτοὺς
1051 812 1228 890 ἐπελεύσομαι
1249 818 1300 872 τῶν
1314 816 1402 873 τόπων
1418 816 1477 883 τοὺς
1496 817 1602 893 μνήμης
1624 817 1718 885 ἀξίους.

94 904 241 962 auctum
268 904 316 977 τὴν
343 907 396 963 ἀπὸ
428 907 598 974 [indoloriae
623 907 671 974 ἕως
698 915 742 967 τοῦ
769 908 889 987 Apriles
935 908 977 966 Dc
989 910 1135 968 mensuris
1148 922 1241 967 tamen
1251 910 1334 968 sinus
1345 912 1719 989 nonnullapraemittuntur.

94 1000 217 1071 κολπου,
243 1006 316 1061 Exc.
337 1002 453 1079 lliod.§
476 1004 511 1060 50
529 1024 560 1081 p.
582 1002 673 1081 141),
692 1004 728 1061 ad
749 1003 888 1081 Libycam
935 1004 1161 1081 longitudinem
1172 1006 1236 1082 ejus
1246 1005 1545 1066 docemurascuuere
1555 1009 1598 1066 ἐπὶ
1608 1009 1720 1076 πολλοὺς

96 1094 276 1171 AEtlriopiam
293 1110 393 1153 auctor
407 1098 523 1155 rediens
537 1098 663 1176 populos
674 1098 738 1175 ejus
754 1101 889 1157 mediter·
935 1098 1005 1156 πάνυ
1019 1099 1139 1166 σταδίους
1153 1102 1179 1177 (S
1192 1099 1256 1179 79);
1269 1101 1450 1159 latitudinem
1460 1104 1610 1161 minimam
1621 1116 1650 1161 et
1664 1125 1721 1161 me·

96 1212 204 1248 rancus
223 1192 374 1251 describit
397 1192 599 1271 lllrizopbagos
617 1196 764 1252 Astaborae
778 1196 889 1253 accolas
935 1193 1013 1251 diam
1036 1208 1065 1253 et
1089 1197 1244 1252 maximam
1264 1197 1364 1273 paullo
1379 1197 1517 1255 disertius
1537 1198 1639 1271 tradit3
1663 1221 1720 1275 qua

98 1290 127 1363 [g
151 1288 199 1362 ἔνο)
222 1289 377 1365 excipiunt
402 1289 568 1368 llylopbagi
595 1302 623 1345 et
652 1289 890 1369 Spermatoplragi
936 1290 1089 1347 occasione
1099 1289 1262 1347 Panormus
1272 1290 1502 1349 etllariainsula
1512 1306 1714 1362 memorantur,

97 1385 126 1455 (3
139 1384 208 1457 ὃν),
225 1385 362 1459 proxime
374 1399 535 1461 sequanmur
551 1384 709 1443 l'cnatores
722 1386 890 1462 (Gymnetae
935 1403 1060 1460 quorum
1082 1386 1191 1442 mentio
1205 1386 1236 1442 in
1250 1385 1344 1462 ipsius
1367 1405 1426 1442 orae
1444 1385 1642 1468 descriptione
1659 1408 1719 1445 nun

96 1480 282 1537 Artemidori
297 1480 306 1558 )
323 1484 349 1557 (5
361 1482 421 1559 52),
444 1502 460 1537 a
481 1482 589 1558 quibus
604 1482 690 1555 longe
704 1482 739 1539 ad
756 1502 889 1540 occasum
936 1480 1072 1538 recurrit.
1081 1479 1193 1536 Deinde
1204 1478 1240 1535 ab
1255 1480 1381 1537 Arsinoe
1392 1481 1581 1557 proficiscens
1591 1483 1622 1539 in
1633 1484 1719 1539 occi-

96 1577 203 1632 rcmoti
240 1576 498 1653 lilepbantomaehi
537 1578 599 1635 sive
639 1576 888 1655 Elephantopbagi
935 1574 1045 1632 dentati
1057 1575 1139 1633 sinus
1151 1594 1203 1632 ora
1215 1589 1356 1635 memorat
1369 1577 1588 1655 thermasaquae
1601 1597 1717 1651 amara,

99 1673 125 1744 (5¹
138 1674 198 1746 53),
213 1686 242 1729 et
266 1672 305 1729 ab
328 1674 374 1730 tus
399 1693 501 1732 versus
525 1694 657 1731 occasum
678 1674 768 1745 simi,
788 1694 889 1732 versus
936 1670 1185 1747 lacumquendam
1206 1686 1235 1729 et
1257 1673 1316 1731 Nili
1339 1678 1434 1732 rivum
1449 1696 1502 1753 per
1516 1678 1674 1753 spongiosa
1688 1679 1718 1733 in

100 1768 253 1825 meridiem
273 1770 493 1849 Strutbiopltagi
508 1770 534 1849 [§
549 1772 613 1847 57);
634 1772 750 1828 modico
764 1770 833 1828 hinc
848 1774 890 1829 in·
934 1786 1013 1825 mare
1029 1780 1229 1827 transcurrens
1244 1772 1271 1846 (S
1295 1772 1344 1847 8ο)
1355 1762 1374 1843 ;¹
1387 1772 1520 1848 sequitur
1540 1794 1625 1831 mons
1645 1774 1720 1831 mire

102 1864 225 1920 tet-vallo
251 1879 411 1923 occurrunt
436 1866 631 1943 Act-idaphagi
657 1868 683 1943 (5
699 1866 764 1941 58),
782 1865 889 1942 quibus
934 1860 1129 1940 rubicundus,
1145 1876 1294 1922 tortuosus
1312 1866 1399 1942 Myos
1412 1886 1464 1925 seu
1477 1866 1598 1925 Veneris
1616 1881 1719 1946 portus

97 1962 283 2019 contermina
301 1963 382 2037 regio
406 1962 444 2019 ob
463 1964 651 2041 scorpionum
670 1962 886 2020 multitudinem
935 1960 1012 2038 apud
1034 1980 1159 2039 cumque
1180 1963 1326 2021 olivarum
1349 1976 1378 2021 et
1394 1965 1600 2039 meleagridum
1616 1966 1718 2023 insulae

96 2054 327 2135 desertalg59];
343 2058 481 2135 postremi
495 2058 610 2115 demum
621 2076 723 2115 versus
735 2058 887 2120 meridiem
934 2055 960 2134 (5
975 2056 1040 2132 8ι);
1056 2069 1117 2113 tum
1131 2057 1286 2133 peninsula
1297 2076 1350 2135 per
1363 2078 1450 2135 quarn
1472 2078 1562 2117 naves
1585 2058 1718 2117 transdu-

94 2152 265 2227 (Lanimulgi
278 2151 449 2232 habitant(§
466 2152 525 2230 fiol.
543 2154 615 2211 lndc
627 2154 756 2211 narratio
766 2173 888 2212 convcr-
934 2163 1051 2222 cuntur,
1068 2164 1096 2208 et
1112 2151 1194 2209 sinus
1211 2150 1382 2210 immundus
1396 2166 1424 2209 et
1435 2151 1658 2231 Ophiodessire
1675 2166 1718 2211 to·

95 2247 167 2302 titur
194 2246 234 2303 ad
264 2246 290 2302 T
293 2248 461 2324 ruglodytas
488 2248 644 2319 nomades,
678 2268 802 2325 quorum
828 2249 889 2306 vita
933 2248 1028 2323 pazdn
1046 2246 1152 2319 insula,
1168 2246 1205 2305 de
1227 2266 1284 2324 qua
1311 2246 1442 2306 sabulosa
1456 2248 1588 2324 quaedam
1609 2263 1716 2306 narrat.

94 2344 269 2401 etinstituta
277 2344 463 2422 explicantur
472 2346 564 2403 fusius
575 2342 889 2423 (61sqq.].-lleinde
934 2339 1007 2398 lnde
1026 2354 1093 2419 post
1117 2340 1402 2419 lchtbyopbagorum
1422 2354 1452 2400 et
1471 2341 1717 2419 Troglodytarum

94 2451 254 2515 postquam
281 2441 397 2498 dixerat
417 2460 470 2499 sua
491 2440 546 2498 hac
570 2462 660 2521 opera
684 2442 888 2501 meridionales
933 2456 1027 2509 oram,
1044 2458 1108 2512 quae
1121 2439 1159 2495 ad
1176 2437 1287 2496 Sotiras
1307 2458 1401 2515 usque
1417 2452 1534 2516 portum
1549 2441 1676 2516 pertinet
1689 2454 1718 2498 et

94 2545 179 2590 terrae
208 2534 387 2593 habitabilis
408 2536 542 2611 regiones
564 2536 700 2594 similiter
721 2537 888 2615 explanatas
933 2532 1004 2590 binc
1023 2532 1160 2590 Arabiam
1171 2551 1273 2591 versus
1288 2532 1429 2602 deflectit,
1446 2552 1526 2589 mare
1544 2533 1671 2610 palustre
1686 2547 1717 2591 et

93 2649 154 2687 esse
168 2643 261 2708 atque
277 2632 419 2689 orientem
433 2632 583 2691 Hecataeus
597 2646 626 2689 et
639 2632 762 2708 basilis,
774 2634 824 2691 atii
839 2655 888 2691 re·
933 2627 1032 2685 viride
1045 2646 1217 2702 magnorum
1238 2646 1324 2685 causa
1338 2627 1453 2685 exsistit
1471 2626 1717 2700 infortuniorum,

95 2723 191 2799 liques
207 2725 294 2784 orbis
311 2727 411 2804 plagas
425 2726 514 2805 primi
534 2727 697 2785 accuratius
717 2727 887 2807 descripsis-
934 2722 1043 2799 quibus
1057 2723 1213 2801 pingendis
1227 2737 1328 2781 auctor
1340 2723 1524 2782 immoratur.
1540 2725 1672 2782 ceterum
1682 2726 1718 2783 dc

94 2832 165 2889 sent,
176 2820 366 2896 generaliora
373 2820 504 2897 quaedam
513 2821 674 2896 subjungit,
688 2835 719 2878 ut
730 2821 765 2879 de
776 2842 888 2881 summa
933 2821 1056 2897 paraplo
1062 2839 1152 2896 usque
1158 2818 1194 2876 ad
1201 2818 1332 2877 Taurum
1338 2831 1464 2877 montem
1472 2832 1502 2876 et
1510 2818 1716 2877 Ptolemaidem

95 2915 250 2991 regionum
263 2914 426 2975 borealium
439 2928 468 2972 et
477 2916 646 2974 australium
657 2916 834 2990 diversitate,
846 2930 887 2976 et·
934 2915 1025 2975 lector
1047 2917 1192 2992 relegatur
1206 2916 1243 2974 ad
1264 2916 1357 2975 libros
1375 2916 1593 2990 antecedentem
1613 2917 1718 2976 deinde

93 3015 116 3070 si
127 3033 169 3069 cae
179 3035 243 3070 uon
257 3015 299 3070 ita
310 3013 423 3090 magnis
435 3013 597 3074 interuallis
608 3026 885 3094 separentur,quum
933 3015 1035 3094 paucis
1046 3026 1180 3074 monetur
1190 3013 1225 3072 de
1233 3013 1403 3074 umbrarum
1416 3015 1530 3072 ratione
1542 3033 1607 3092 quas
1621 3014 1717 3071 Ptole-

93 3109 261 3168 allaeotide
276 3111 383 3187 palude
404 3111 440 3168 ad
464 3111 641 3190 AEthiopiarn
663 3113 718 3169 iter
731 3122 766 3180 al.
784 3113 887 3172 diebus
935 3113 1030 3171 maide
1041 3115 1217 3192 sittempore
1229 3113 1357 3171 solstitii.
1369 3113 1538 3188 Sequuntur
1547 3111 1641 3188 campi
1651 3111 1717 3167 irri-

93 3205 200 3262 eunlici
224 3206 332 3284 possit.
354 3205 430 3262 'l'urn
457 3205 566 3264 bestias
592 3205 746 3278 describit,
772 3209 884 3280 leones,
934 3211 996 3285 gui,
1014 3210 1176 3286 elephantis
1188 3207 1422 3285 aliisquebestiis
1438 3207 1621 3284 frequentati,
1634 3206 1718 3282 plan-

94 3301 362 3376 utyrmccoleones‚
379 3301 525 3380 pardales,
545 3301 755 3374 rhinocerotes
768 3305 888 3362 carnelo·
934 3306 1030 3382 risque
1043 3306 1105 3364 suis
1125 3304 1345 3374 memorabiles;
1366 3302 1472 3360 deinde
1495 3302 1598 3359 fretum
1613 3302 1718 3359 insulis

96 3397 240 3472 pardales,
253 3398 404 3474 sphinges,
419 3398 657 3475 cynoscepbalos‚
672 3418 769 3477 cepos,
789 3412 886 3460 tauros
933 3399 1122 3470 distinctum,
1148 3396 1302 3476 inquibus
1320 3416 1390 3455 aves
1407 3397 1503 3475 specie
1520 3395 1715 3465 admirandae;

95 3493 284 3566 carnivoros,
300 3505 450 3570 serpentes
464 3495 492 3570 ι(
506 3495 618 3572 68-77).
933 3507 993 3551 tum
1004 3514 1084 3552 mare
1096 3493 1357 3571 profundissimum
1371 3503 1432 3549 cete
1440 3492 1493 3548 alit
1504 3490 1644 3566 ingentia,
1657 3509 1717 3546 non

134 3589 185 3662 98.
203 3587 302 3645 lubae
317 3588 600 3666 libr-ipartequaede
615 3592 749 3666 gentibus
761 3591 886 3668 produn·
934 3592 1054 3648 molesta
1072 3603 1182 3662 tamen,
1203 3591 1261 3647 nisi
1275 3590 1348 3648 sorte
1362 3591 1394 3646 iu
1414 3587 1494 3647 dorsi
1510 3586 1615 3664 pinnas
1632 3587 1717 3644 naris

95 3694 154 3752 tur,
176 3682 268 3758 pretii
283 3696 351 3740 sunt
369 3685 505 3755 mummi,
518 3705 611 3763 neque
632 3687 755 3744 ureliora
769 3685 887 3744 aliunde
934 3689 1070 3745 incurrat.
1088 3686 1234 3744 Claudunt
1254 3697 1410 3743 extremam
1432 3685 1514 3742 sinus
1528 3682 1717 3760 Troglodyti·

95 3789 268 3852 suppetunt.
284 3777 426 3845 Quamvis
442 3780 523 3836 color
536 3781 711 3838 narrationis
723 3781 886 3839 rhetoricus
933 3804 995 3840 cam
1010 3803 1082 3840 acrae
1097 3783 1232 3841 Pscbaeae
1245 3783 1316 3858 (84).
1331 3781 1475 3839 Hactenus
1489 3781 1526 3838 de
1538 3781 1626 3838 latere
1638 3784 1717 3838 sinus

96 3871 242 3928 nonnulla
261 3872 468 3946 offuscaret-tt,
486 3877 516 3932 in
541 3879 706 3934 universum
732 3891 827 3936 tamen
850 3877 885 3935 atl
933 3879 1118 3948 occidentali,
1140 3877 1218 3955 quod
1239 3889 1320 3934 tanto
1341 3875 1533 3954 paucioribus
1553 3889 1653 3933 auctor
1667 3875 1715 3932 de·

97 3967 233 4025 siridum
257 3969 390 4044 pingitur
418 3971 592 4046 populorum
624 3973 745 4030 istorum
777 3974 885 4048 imago,
932 3973 1046 4042 scribit,
1062 3993 1151 4050 quum
1174 3972 1302 4049 plurima
1316 3972 1352 4029 de
1366 3991 1401 4028 eo
1417 3970 1478 4046 jam
1493 3983 1665 4047 exposuerat
1685 3969 1715 4025 in

96 4083 224 4136 quorum
239 4066 308 4119 vitae
332 4064 408 4122 ratio
431 4065 558 4122 adhunc
578 4086 669 4143 usque
687 4068 764 4126 diem
785 4069 884 4126 eadem
933 4067 1270 4125 librisantecedentibus.
1282 4065 1715 4122 Uberioraetaccuratioratra-

99 4159 157 4216 lere
172 4161 346 4237 permansit.
364 4162 401 4217 At
412 4161 544 4220 dolemus
554 4182 648 4240 neque
658 4166 745 4222 situm
757 4165 883 4241 singula·
932 4163 975 4219 dit
985 4159 1261 4229 delacereArabico,
1276 4161 1307 4217 in
1316 4179 1386 4237 quo,
1395 4173 1427 4218 ut
1435 4160 1530 4238 capita
1537 4157 1714 4216 narrationis

96 4273 160 4308 rum
181 4255 335 4329 regionum
349 4257 479 4314 exactius
500 4256 631 4334 definiri,
646 4278 740 4335 neque
754 4260 883 4334 gentium
932 4257 1024 4314 verbo
1047 4257 1187 4329 indicem,
1213 4269 1412 4316 memorantur
1438 4255 1614 4332 Neptunium
1640 4253 1711 4332 (85),

97 4349 197 4406 afferri
218 4353 341 4409 nomina
359 4354 492 4429 propria,
508 4373 545 4411 ex
559 4353 668 4430 quibus
682 4375 772 4413 unum
787 4355 883 4430 Mega-
931 4353 1088 4430 palmetum
1104 4354 1176 4429 (86),
1194 4353 1356 4410 Phocarum
1372 4351 1468 4410 insula
1481 4362 1713 4429 praetensumquc

96 4443 266 4504 barensium
281 4447 307 4503 T
310 4449 528 4525 roglodytarum
544 4450 575 4506 in
585 4447 737 4528 Excerptis
752 4466 882 4530 apparet.
930 4452 956 4507 ei
971 4449 1203 4527 promontorium
1216 4447 1287 4526 (87),
1301 4448 1448 4504 lllaranitaa
1459 4444 1711 4503 aGarindanensi-

96 4541 237 4615 lgnorare
258 4563 293 4601 ea
304 4564 364 4601 non
380 4545 476 4622 potuit
488 4545 724 4620 Agatharchides,
738 4568 827 4624 quum
841 4563 883 4606 sat
930 4545 985 4603 ltus
1000 4546 1103 4616 deleti,
1122 4544 1262 4602 Laeanites
1276 4562 1405 4601 recessus
1425 4556 1454 4599 et
1469 4541 1595 4599 Nabataei
1611 4542 1714 4598 accolae

97 4637 188 4694 multa
198 4657 303 4696 eorum
316 4659 351 4696 ex
366 4640 587 4717 antiquioribus
607 4641 692 4700 libris
710 4643 824 4702 Plinius
834 4644 883 4702 de·
930 4645 1000 4720 (88),
1014 4643 1082 4700 dein
1093 4642 1336 4718 llytlremanenses
1351 4639 1425 4714 (89),
1444 4652 1504 4696 tum
1521 4637 1712 4694 Batmizoma-

96 4735 263 4812 promserit.
929 4757 1034 4795 nenses
1056 4737 1092 4794 atl
1112 4738 1207 4794 sinum
1228 4734 1405 4814 profundum
1436 4734 1506 4812 (90),
1535 4747 1591 4792 tres
1613 4733 1714 4790 insulae

133 4831 422 4908 99.Sequitursinus
433 4832 548 4893 Arabici
560 4835 881 4914 descriptiosecundmn
930 4833 1002 4912 (91),
1017 4833 1087 4891 litus
1108 4851 1242 4890 saxosum
1258 4831 1337 4889 mille
1358 4831 1519 4889 stadiorum
1535 4829 1612 4909 (9ο),
1630 4827 1711 4904 adja-

96 4921 879 5006 eotnmentariosregiosfidemquetestiumoculatorum
929 4949 998 4988 cens
1012 4949 1096 4987 mons
1116 4929 1277 4998 mirabilis;
1301 4928 1352 4984 alti
1374 4927 1483 4984 cumuli
1500 4943 1593 4982 arcnae
1604 4923 1711 4997 nigrae,

96 5021 104 5096 (
116 5019 147 5076 tlt
159 5021 206 5098 μὲν
221 5025 251 5080 ἐκ
266 5025 319 5079 τῶν
336 5023 362 5079 ἐν
375 5021 555 5103 Ἀλεξανδρείᾳ
569 5027 711 5103 βασιλικῶν
723 5024 880 5100 ὑπομνημοί·
927 5025 1106 5083 (ἶίιιινιιιιιῐλισ
1120 5024 1273 5102 peninsula
1282 5034 1310 5078 et
1319 5035 1420 5098 portus
1433 5020 1548 5078 cotboni
1567 5017 1713 5092 Carthagi·-

96 5139 141 5171 τιον
156 5115 332 5196 ἐξειληφότες,
347 5115 381 5173 τὰ
396 5115 423 5172 δὲ
437 5115 509 5196 παρὰ
528 5121 579 5174 τῶν
590 5120 727 5176 αὐτοπτῶν
741 5119 879 5192 πεπυσμέ-
929 5123 1073 5179 niensium
1087 5121 1209 5189 similis;
1223 5133 1334 5175 montes
1355 5119 1486 5194 quinque
1500 5113 1710 5191 pyramidales3

94 5233 126 5266 νοι
139 5215 201 5289 §79
214 5214 370 5290 lliodor.).
383 5213 439 5270 Sed
452 5233 488 5271 ne
499 5215 606 5288 justum
615 5216 762 5293 periplum
778 5236 879 5294 esspe-
926 5219 1008 5274 sinus
1018 5216 1159 5273 rotundus
1174 5233 1238 5270 cum
1253 5213 1455 5271 lanisdeorum
1472 5211 1545 5289 (93];
1562 5212 1629 5268 litus
1643 5209 1711 5266 irri-
