3950 5925
617 478 668 539 DE
689 477 861 540 SCYLACE
883 476 1178 539 CARYANDENSE.
1593 492 1706 535 xxxvii

88 610 207 669 aliunde
220 608 298 669 bene
310 610 460 669 novimus.
479 610 692 669 Dedicationem
707 610 777 668 libri
794 630 810 668 e
832 610 877 668 sui
919 610 1086 668 narratione
1100 608 1271 685 lon'gissime
1292 605 1406 664 absunt.
1427 604 1560 683 Denique
1579 605 1705 667 Marcia·

88 710 143 767 aevi
158 726 243 767 more
258 708 348 767 Dium
360 708 476 786 Scylaei
493 706 642 765 affinxisse
655 707 799 786 suspicor,
815 708 879 765 sive
920 728 976 767 nus
988 708 1076 767 tradit
1088 707 1238 786 Scylacem
1251 706 1403 765 distantias
1418 704 1536 763 nonnisi
1549 708 1710 784 navigatio·

88 807 232 884 scriptum
245 804 283 864 de
296 805 484 881 navigatione
495 806 527 862 in
540 802 614 862 Indo
626 802 716 861 fluvio
729 802 880 861 intellexe·
921 805 967 863 nis
981 803 1087 863 diebus
1101 803 1269 875 definiisse,
1286 802 1364 880 quod
1378 802 1447 860 item
1472 801 1504 859 in
1523 814 1639 861 servato
1659 820 1708 879 pe·

88 904 137 976 rit,
147 904 371 981 siveperiplum
386 903 476 961 maris
483 900 698 972 Mediterranei,
715 897 799 975 cujus
813 917 880 955 me·
924 901 1090 979 riplosecus
1099 897 1197 958 habet.
1207 902 1309 975 Itaque
1319 898 1344 957 si
1356 897 1573 975 quisScylacem
1582 897 1709 975 aliquem

88 999 227 1058 morandi
236 999 522 1079 aptamoccasiouem
533 997 639 1055 ollerre
647 994 742 1075 potuit
752 994 880 1073 primum
925 996 1019 1054 nostri
1043 996 1178 1075 opusculi
1205 1009 1351 1053 auctorem
1372 993 1505 1073 Philippi
1527 994 1711 1073 temporibus

87 1094 474 1164 deAlexandriavolumen,
485 1094 586 1170 inquo
600 1090 636 1149 de
644 1090 750 1169 priscis
765 1108 882 1167 oraeop
926 1092 1036 1150 vixisse
1051 1105 1184 1163 censeat,
1196 1092 1340 1150 sententia
1353 1091 1427 1163 haec,
1443 1104 1573 1149 veterum
1585 1093 1711 1151 testium

87 1188 169 1269 pidis
198 1192 310 1267 quibus
335 1188 514 1247 Alexandria
539 1186 693 1257 successit,
718 1203 880 1243 sermonem
926 1188 1042 1247 nicrum
1056 1176 1196 1264 praesidio
1210 1188 1359 1260 destituta,
1376 1208 1437 1245 non
1461 1188 1565 1246 nititur
1579 1188 1637 1245 nisi
1655 1189 1711 1245 lide

87 1300 194 1345 auctor
202 1286 344 1345 instituit.
357 1284 437 1343 ldem
452 1283 524 1342 Diirs
536 1283 567 1341 in
582 1282 683 1340 eodem
703 1280 739 1339 de
755 1280 882 1339 Alexan·
926 1282 1115 1361 perambigua
1124 1282 1215 1354 tituli,
1235 1301 1321 1359 quem
1332 1280 1441 1360 praebet
1457 1281 1625 1341 libellorum
1638 1302 1712 1357 geo-

87 1384 155 1441 dria
167 1381 252 1441 libro
264 1381 352 1440 eliam
362 1379 506 1438 Hellanlcl
520 1378 652 1436 meminit
665 1376 674 1453 (
685 1374 732 1436 Fr.
746 1376 818 1434 illst.
832 1374 881 1446 lV,
927 1380 1135 1459 graphicorum
1151 1380 1297 1451 collectio,
1314 1379 1345 1437 in
1362 1399 1420 1457 qua
1432 1398 1522 1456 quum
1534 1379 1712 1439 Pseudo-lli-

87 1498 117 1556 p.
127 1477 322 1555 397).Quare
332 1475 559 1534 nescioanidem
568 1474 881 1541 sitllioAcademicus‚
928 1475 1076 1534 caearchus
1104 1489 1132 1532 et
1153 1474 1423 1533 Pseudo-Arrianus
1446 1474 1711 1552 deprehendantur,

88 1572 230 1651 Pompeii
245 1572 379 1649 aqualis,
390 1592 477 1649 quem
489 1572 525 1630 de
536 1591 568 1629 re
580 1570 714 1650 AEgyptia
721 1572 804 1645 juxta
817 1570 883 1629 llel-
929 1591 987 1629 non
1009 1583 1053 1628 est
1067 1589 1136 1629 sane
1158 1589 1210 1627 cur
1225 1573 1340 1627 tertium
1355 1589 1408 1627 nos
1424 1571 1565 1627 miremur
1579 1569 1711 1629 Pseudo·

89 1670 223 1728 lanicum
243 1670 344 1729 laudat
357 1669 510 1728 Athenaeus
521 1690 553 1748 p.
574 1670 622 1737 tt.
928 1667 1089 1743 Scylacem.

131 1774 183 1839 49.
199 1764 340 1843 Superest
351 1777 384 1822 ut
399 1763 583 1823 ostendamus
595 1782 629 1821 ea
644 1782 709 1842 quae
723 1781 740 1820 e
754 1762 885 1840 Scylacis
970 1762 1018 1821 50.
1033 1761 1186 1830 Quomodo
1203 1762 1307 1820 lactum
1323 1763 1360 1821 sit
1376 1776 1407 1819 ut
1416 1761 1544 1839 Scylaeis
1561 1781 1665 1820 nomen
1678 1762 1715 1820 ad

90 1860 211 1938 periplo
218 1872 333 1918 veteres
341 1852 663 1937 scriptoresadducunt,
674 1857 745 1915 nihil
754 1856 885 1936 praebere
929 1857 1051 1914 serioris
1072 1857 1126 1914 aevi
1146 1857 1294 1935 periplum
1310 1858 1528 1928 transferretur,
1544 1857 1640 1915 dicere
1655 1877 1715 1915 non

91 1956 172 2031 quod
194 1966 341 2013 aretuslo
363 1954 541 2033 logographo
553 1954 680 2021 alienum
693 1956 729 2011 sit
740 1965 768 2010 et
784 1972 819 2009 ex
831 1972 886 2009 su·
929 1953 1033 2011 habeo.
1063 1952 1238 2012 Letronnius
1260 1953 1290 2029 (l
1316 1967 1414 2012 censet
1440 1954 1603 2030 Scylacem,
1629 1973 1715 2030 quem

92 2050 216 2128 perstite
228 2048 741 2129 potiuspem'plo,queminterannos
756 2048 885 2115 tto-336
930 2046 1034 2105 Strabo
1060 2049 1179 2106 nonnisi
1201 2049 1237 2107 de
1261 2050 1338 2108 Asiae
1360 2050 1483 2107 minoris
1507 2051 1580 2107 locis
1606 2051 1714 2120 laudet,

93 2148 240 2225 scripturn
262 2166 325 2206 esse
345 2146 524 2218 videbimus,
547 2146 665 2204 linxisse
680 2160 824 2223 putemus.
846 2178 884 2191 -
931 2144 1006 2203 nihil
1019 2146 1076 2203 nisi
1092 2146 1169 2204 Asiae
1179 2147 1302 2229 minoris
1316 2146 1466 2225 paraplum
1480 2147 1643 2225 scripsisse,
1657 2169 1716 2225 quo

94 2244 201 2321 Scylax
224 2244 380 2303 Strabonis
396 2243 541 2302 Troadem
565 2242 618 2301 ἀπὸ
632 2238 741 2301 ’netto
759 2240 887 2320 ἄρχεσθαι
930 2258 1001 2298 usus
1015 2241 1053 2299 sit
1066 2254 1165 2300 noster
1176 2256 1277 2300 auctor
1290 2262 1306 2301 e
1323 2244 1415 2301 variis
1431 2242 1626 2321 scriptoribus
1641 2246 1718 2321 peri·

95 2341 208 2399 statuit.
228 2340 293 2399 lloc
312 2340 336 2398 si
353 2340 394 2397 ita
408 2338 609 2417 interpreteris
623 2351 655 2396 ut
669 2338 733 2416 ipsa
748 2335 885 2413 Abydus,
931 2336 1013 2413 plum
1035 2356 1120 2395 suum
1140 2338 1281 2414 colligens
1298 2361 1305 2396 ι
1325 2338 1398 2397 adeo
1412 2351 1444 2397 ut
1458 2339 1555 2417 putari
1576 2340 1668 2417 possit
1680 2339 1717 2397 ab

96 2434 182 2511 cujus
203 2436 356 2510 regionem
372 2434 443 2491 olim
462 2433 555 2492 Troes
576 2434 705 2496 tenuisse
720 2431 885 2503 traduntur,
931 2430 985 2488 hac
1009 2446 1091 2510 parte
1115 2432 1151 2489 ad
1173 2445 1264 2491 totum
1289 2434 1435 2512 periplum
1458 2434 1588 2511 Scylacis
1612 2454 1718 2491 nornen

97 2552 114 2589 a
127 2532 246 2590 Troade
252 2532 436 2603 excludatur,
450 2530 578 2589 concinit
586 2530 717 2609 periplus
725 2540 883 2607 superstes,
932 2526 1103 2585 translatum
1117 2547 1190 2587 esse.
1201 2534 1238 2586 At
1248 2528 1397 2607 Scylacem
1410 2529 1529 2587 nonnisi
1542 2528 1617 2587 Asiae
1628 2530 1719 2586 mino·

96 2627 127 2684 in
142 2646 203 2703 quo
218 2626 343 2705 Abydus
352 2640 393 2684 est
405 2626 507 2685 ultima
520 2624 591 2684 urbs
604 2624 750 2703 Phrygiae.
765 2625 801 2680 At
817 2623 889 2701 Scy·
932 2625 974 2683 ris
987 2625 1139 2703 paraplum
1151 2626 1303 2704 scripsisse
1314 2627 1389 2685 nihil
1399 2639 1443 2685 est
1454 2627 1533 2703 quod
1544 2630 1656 2705 probet,
1667 2626 1718 2683 secl

97 2726 144 2783 lar
156 2722 316 2783 Strabonis
331 2722 474 2801 Dionysio
488 2721 675 2779 Chalcidense
685 2720 890 2800 etEphoroest
932 2734 1032 2779 vetant
1044 2723 1209 2799 complura.
1232 2721 1304 2781 Nam
1326 2722 1422 2781 obstat
1439 2723 1521 2781 locus
1537 2724 1662 2793 Avieni,
1686 2723 1718 2779 in

97 2820 264 2897 antiquior,
279 2818 406 2895 ideoque
420 2817 526 2895 peripli
537 2815 701 2895 superstitis
714 2828 815 2873 auctor
826 2834 889 2872 esse
932 2838 992 2895 quo
1006 2838 1118 2877 errasse
1132 2833 1278 2879 auctorem
1296 2819 1471 2878 Letronnius
1489 2821 1603 2891 statuit;
1622 2802 1720 2900 obstat

98 2916 208 2993 nequit.
220 2914 367 2972 Praeterea
378 2933 394 2972 e
405 2912 525 2992 Scylace
539 2912 648 2970 mentio
660 2910 888 2983 litNestaeorum,
932 2916 1062 2993 porroin
1074 2915 1189 2994 periplo
1202 2916 1310 2974 mentio
1320 2914 1497 2989 Leucarum,
1511 2916 1588 2974 Asiae
1596 2915 1720 2974 minoris

97 3011 202 3089 populi
217 3010 347 3088 lllyrici,
358 3023 387 3068 et
400 3009 549 3088 lllysorum
565 3009 708 3086 Bithyniae
722 3021 750 3066 et
771 3007 816 3066 eii
833 3007 889 3066 flu·
934 3010 1049 3088 oppidi,
1068 3012 1148 3087 quod
1171 3031 1248 3084 anno
1266 3012 1383 3070 demum
1409 3013 1465 3069 383
1492 3011 1717 3081 condituruest,

96 3108 155 3178 sii,
172 3106 254 3164 sicut
274 3105 307 3163 in
322 3117 423 3162 nostro
439 3121 554 3181 quoque
575 3105 692 3182 periplo
704 3115 890 3160 recensentur
935 3104 1008 3162 adeo
1029 3118 1061 3164 ut
1084 3105 1261 3165 [struamus
1281 3127 1400 3165 censere
1424 3107 1558 3164 debuerit
1571 3094 1719 3164 auctorem

95 3201 174 3260 llesti
187 3214 219 3258 et
234 3200 332 3277 ldysia
343 3212 371 3256 et
384 3199 454 3257 Cius
472 3198 589 3256 llurius.
604 3198 662 3256 Sed
676 3198 737 3255 haec
757 3217 846 3274 quum
859 3197 890 3256 in
935 3221 994 3258 non
1015 3201 1174 3280 oppidum,
1202 3202 1253 3260 sed
1273 3203 1506 3281 promontorium
1528 3201 1721 3260 indicaretu-

97 3299 206 3376 quaris
226 3317 289 3356 orae
305 3296 501 3374 descriptione
522 3295 688 3374 antiquiore
704 3293 892 3366 memoranda
935 3297 1041 3370 luisse,
1060 3295 1177 3354 obstant
1191 3297 1319 3376 denique
1334 3298 1458 3373 Nestaei,
1476 3296 1589 3374 lllyrii,
1615 3316 1721 3373 quoae

95 3408 207 3465 essent,
220 3395 259 3451 ad
274 3413 338 3452 rem
358 3405 486 3450 nostram
504 3392 576 3450 nibil
589 3393 734 3472 pertinere
746 3391 831 3450 facile
845 3393 890 3450 in·
935 3391 1423 3470 Scylacelaudatschol.Apollonii.
1434 3392 1528 3451 Porro
1536 3393 1611 3451 nihil
1625 3394 1722 3451 inesse

97 3490 220 3565 telligis,
236 3489 297 3547 nisi
310 3488 433 3546 sortasse
442 3486 548 3565 probes
570 3487 696 3544 rationes
707 3505 808 3545 eorum
821 3489 889 3563 qui,
936 3487 1013 3545 Asiae
1028 3488 1153 3547 minoris
1167 3488 1369 3568 descriptioni,
1384 3489 1464 3566 quod
1476 3492 1649 3568 scriptorem
1667 3487 1719 3546 lle·

99 3607 191 3663 quum
207 3583 380 3662 Stephanus
399 3583 556 3661 Byzantius
576 3582 635 3641 duo
655 3603 714 3640 orae
736 3584 891 3642 maritimae
936 3584 1087 3661 nophoute
1101 3585 1298 3662 antiquiorem
1310 3585 1426 3664 prodat,
1438 3586 1517 3644 infra
1527 3584 1721 3646 monebimus.

97 3678 327 3757 locaeSeymno
338 3677 412 3735 Chio
423 3677 595 3755 afferatquae
603 3692 800 3737 memorantur
806 3681 891 3736 etiam
936 3678 1022 3748 Quod
1034 3677 1138 3738 Strabo
1150 3679 1198 3740 bis
1208 3681 1392 3739 solummodo
1401 3681 1438 3740 de
1445 3681 1517 3739 locis
1528 3680 1565 3738 ad
1576 3679 1726 3761 Troadem

97 3779 129 3835 in
150 3775 307 3853 Anonymi
327 3775 471 3853 periegesi
491 3773 631 3847 iambica,
654 3773 725 3831 hinc
746 3774 892 3852 Anonymi
936 3786 963 3831 et
975 3775 1076 3832 vicina
1090 3775 1305 3852 pertinentibus
1319 3776 1469 3856 Scylacem
1482 3775 1590 3847 laudat,
1607 3775 1643 3832 ad
1660 3795 1721 3834 rem

97 3872 210 3931 librum
226 3870 357 3946 Scymno
369 3869 445 3926 Chio
466 3868 675 3928 vindicandum
690 3888 752 3928 esse
768 3889 888 3930 censue·
938 3889 1042 3946 parum
1067 3869 1150 3941 lacit,
1174 3891 1350 3948 quamquam
1377 3873 1423 3930 vel
1439 3872 1495 3930 hoc
1518 3872 1720 3950 explicaveris.

97 3980 184 4038 runt,
203 3967 335 4042 arreptis
347 3982 411 4041 quae
424 3965 498 4023 nihil
516 3964 651 4043 probant,
668 3965 808 4040 neglectis
820 3984 891 4024 vero
938 3965 1010 4020 Nam
1022 3963 1126 4023 Strabo
1140 3983 1176 4025 ex
1188 3967 1291 4045 paucis
1301 3967 1519 4047 notissimisque
1531 3966 1724 4046 geographia-

97 4083 164 4138 quae
187 4074 368 4140 repugnant.
381 4061 429 4120 Sic
448 4061 535 4121 nobis
554 4082 672 4140 quoque
685 4063 891 4139 negligendum
940 4080 1004 4118 rum
1017 4061 1212 4140 scriptoribus
1229 4084 1283 4122 sua
1294 4065 1426 4140 collegit,
1446 4084 1499 4122 nec
1514 4076 1643 4121 vetustos
1655 4063 1724 4119 illos

98 4161 176 4216 toret
200 4157 286 4235 quod
300 4157 407 4234 Scylax
427 4157 638 4218 Strabonianus
656 4159 728 4218 dicit
752 4164 892 4240 περιοικεῖν
940 4155 1139 4234 obscurosque
1151 4158 1333 4237 periplorum
1353 4159 1448 4219 libros
1467 4162 1557 4218 citare
1572 4157 1644 4216 solet
1666 4159 1723 4216 nisi

97 4253 147 4324 rip
162 4251 308 4312 ’Aurariae
331 4251 427 4328 λίμνην
447 4253 557 4332 Φρύγας
571 4254 617 4312 καὶ
631 4254 753 4328 Μυσούς
771 4276 837 4314 nam
861 4257 891 4314 in
941 4252 972 4308 in
997 4253 1173 4331 geographia
1200 4254 1370 4326 Homerica,
1391 4255 1507 4313 deliciis
1532 4253 1608 4322 suis,
1637 4272 1725 4328 quam

100 4363 204 4408 nostro
215 4351 338 4428 periplo
349 4363 526 4408 memoratur
535 4351 653 4428 quidem
666 4351 759 4429 Mysia
770 4353 894 4430 provin·
940 4348 1121 4407 eruditorum
1130 4352 1384 4426 grammaticorum
1394 4367 1475 4408 more
1484 4363 1512 4407 et
1522 4349 1722 4407 ditissimaeo·

102 4448 165 4520 eia,
182 4447 236 4505 sed
254 4447 292 4505 de
306 4447 431 4505 Ascania
441 4448 507 4506 lacu
521 4448 644 4526 ejusque
658 4449 765 4508 accolis
778 4470 814 4508 ne
823 4469 892 4508 ver·
941 4463 1005 4502 rum
1016 4445 1273 4524 scriniausmpans
1281 4459 1403 4504 tractare
1413 4446 1495 4504 solet.
1507 4444 1556 4502 Sic
1571 4445 1601 4501 in
1615 4443 1725 4501 descri-

99 4541 173 4600 bum
196 4541 332 4618 quidem.
351 4541 446 4599 Porro
467 4542 575 4618 legitur
589 4543 620 4602 iu
636 4544 751 4623 periplo
767 4545 892 4622 lllysiam
941 4543 1041 4620 ptione
1055 4540 1181 4610 Troadis
1196 4555 1416 4618 ceterarumque
1430 4542 1596 4616 regionum,
1610 4561 1675 4617 quae
1689 4541 1724 4598 acl

99 4637 253 4716 pter-tinere
263 4655 359 4714 usque
368 4636 403 4693 ad
411 4637 497 4695 Cium
509 4637 644 4697 fluvium.
656 4639 722 4708 Quo
729 4653 813 4718 pacto
826 4640 894 4699 ltine
940 4636 984 4694 τὸν
1007 4636 1128 4715 Τρωικὸν
1147 4637 1289 4714 διάκοσμον
1308 4639 1467 4718 pertinent,
1490 4657 1527 4695 ex
1545 4638 1726 4713 amplissimo

101 4733 162 4810 peti
174 4743 315 4808 poterant
329 4730 420 4790 verba
434 4731 598 4790 scholiasta
618 4733 788 4812 Aqmllonii:
807 4733 892 4800 Κίος..
942 4733 1082 4791 llemetrii
1097 4734 1210 4814 Scepsii
1223 4754 1310 4814 opere
1322 4753 1450 4813 persaepe
1468 4749 1581 4794 veteres
1595 4736 1726 4812 logogra·

101 4827 149 4896 τὴν
162 4826 275 4888 Μυσίαν
288 4825 454 4905 περιρρίωνῖ
467 4826 684 4905 Praetereaque
700 4829 736 4887 de
752 4829 825 4887 lreto
837 4829 894 4888 Ga·
942 4830 1016 4908 plros
1030 4830 1142 4903 laudat,
1157 4832 1307 4908 inquibus
1321 4831 1485 4908 Scylacem,
1499 4833 1658 4890 Asiaticum
1672 4829 1725 4886 ho·

103 4926 234 4984 ditanoe
248 4921 372 4999 Scylace
393 4923 522 4982 Avienus
535 4923 639 4995 allert,
662 4943 679 4982 a
693 4925 785 4982 nostri
799 4924 893 4984 libelli
942 4927 1051 4984 minem
1065 4939 1094 4985 et
1112 4928 1358 5005 antiquissimum,
1375 4947 1433 4986 non
1449 4928 1589 5004 neglexit,
1605 4928 1672 4983 ilum
1689 4923 1726 4980 de

134 5075 165 5135 Γ)
181 5076 330 5127 maanaim
339 5076 365 5126 ln
375 5079 471 5138 traam.
480 5077 506 5128 d.
518 5091 616 5142 poemes
628 5079 707 5140 geogr.
718 5094 743 5144 p.
755 5084 801 5132 alo
813 5101 840 5134 :a
852 5085 918 5134 'rous
930 5083 965 5132 les
974 5083 1123 5146 magade
1133 5084 1222 5148 scylax
1232 5085 1294 5135 cites
1305 5097 1348 5147 par
1357 5086 1392 5136 les
1401 5087 1498 5136 andem
1511 5095 1575 5136 nese
1584 5089 1726 5146 rapportmt

106 5143 158 5202 οὐ
169 5145 244 5196 l'Asie
256 5147 382 5207 mineum
393 5147 409 5195 il
422 5160 453 5195 en
463 5147 551 5199 resulto
561 5149 705 5213 caenando
719 5151 859 5214 probabilite
868 5167 916 5216 que
933 5154 954 5204 le
968 5154 1029 5204 livre
1039 5155 1165 5216 dascylax
1177 5157 1337 5206 necoutenait
1351 5170 1399 5218 qtae
1411 5158 1434 5206 le
1447 5155 1587 5217 perimeres
1599 5158 1666 5204 cotes
1677 5157 1720 5218 qui

108 5215 233 5265 somnient
247 5217 272 5267 le
284 5215 368 5267 litoral
384 5217 416 5266 de
427 5216 500 5270 l'Asie
511 5220 628 5281 mineum,
639 5221 724 5285 depuis
735 5223 757 5271 le
769 5225 889 5288 Bosplrore
899 5222 1011 5286 iusqu'en
1024 5225 1116 5276 cilicie.
1134 5227 1179 5274 Get
1187 5237 1292 5288 ortvrage
1305 5227 1377 5276 serait
1390 5227 1454 5276 alors
1463 5227 1486 5275 la
1496 5237 1581 5274 source
1592 5225 1650 5274 d'ori
1660 5229 1725 5277 cette

109 5285 199 5344 mnion
208 5285 241 5334 de
250 5287 324 5338 notre
337 5286 431 5348 perinte
442 5288 569 5338 auraitete
580 5288 653 5349 tiree;
667 5294 690 5340 et
700 5304 742 5353 par
755 5292 817 5352 laon
828 5293 987 5356 expliquer-ait
998 5295 1076 5344 oetatt
1088 5296 1199 5346 comtatt
1209 5296 1265 5360 plus
1274 5297 1342 5359 lratrt,
1354 5310 1402 5360 que
1414 5297 1436 5346 la
1451 5293 1596 5358 description
1606 5294 1647 5346 ἀοι
1658 5288 1732 5346 ιοίον’

109 5356 136 5405 de
146 5353 218 5406 l'asie
229 5356 463 5408 mineureanoonce
477 5371 525 5410 une
536 5358 797 5423 tpoqueauterieurei
812 5364 835 5414 la
851 5366 947 5415 retrntte
961 5365 1004 5416 des
1013 5364 1149 5416 Dia-Mille.
1163 5385 1174 5408 ν
