3950 5925
208 413 267 462 420

209 526 237 582 δὲ
251 525 295 583 καὶ
309 521 401 593 νήσους
415 525 441 581 έν
455 526 526 602 αύτῷ
537 524 657 600 κειμένας
667 526 765 591 πολλάς
779 528 863 584 τεκαὶ
875 528 992 604 μεγάλας

922 404 1104 463 ANONYMI

1738 402 1880 481 (aas)

1036 554 1143 605 magnas
1157 536 1267 603 ambitu,
1282 548 1311 590 ut
1327 536 1395 590 loma
1411 549 1462 602 est;
1480 556 1591 609 quarum
1605 557 1655 591 uua
1670 540 1771 593 iuter
1789 554 1882 587 mare

209 615 262 678 τοῖς
278 611 430 689 pedorem,
444 613 479 676 tr<
492 611 576 687 λάδος*
597 602 634 670 ὧν
652 615 668 681 ἰ
683 611 780 697 θῑῗῖῑύὺ
803 618 849 684 τῆς
861 614 992 684 ommi<
1033 635 1122 705 jacens
1131 637 1257 707 fluviique
1268 639 1333 691 ostia
1346 657 1400 691 000
1413 638 1665 693 minorestllhodo.
1712 641 1839 691 Peuce
1849 637 1877 687 ei

207 698 317 776 κειμένη
326 697 373 756 καὶ
385 700 436 756 τῶν
448 697 606 774 στομάτων,
619 697 688 755 ἐστὶν
699 701 745 756 οὐκ
758 699 872 757 ἐλάττων
888 698 934 776 μέν
946 704 992 770 τῆς

209 787 303 849 Ῥόδου
316 787 412 865 νήσου,
432 786 524 856 Πεύκη
543 786 571 844 δὲ
587 785 692 865 λέγεται
709 787 776 860 αῦτη
794 789 835 847 διά
852 790 882 848 τὸ
895 793 992 861 πλῆθος

187 867 245 934 adv
266 875 321 955 ἔχει
340 876 455 935 πευκῶν,
499 863 557 932 Εἶθ’
579 874 668 941 οὕτως·
691 878 758 935 Μετ’
776 874 856 945 αὐτὴν
878 875 991 953 πελαγία

208 960 314 1037 κειμένη
324 964 341 1032 ἡ
354 959 529 1041 προειρημένη
538 965 585 1019 τοῦ
597 961 735 1040 Ἀχιλλέως
746 965 831 1031 νῆσος.

248 1070 282 1108 ιο.
304 1048 369 1108 Ἀπὸ
381 1047 409 1106 δέ
420 1053 466 1107 τοῦ
478 1046 563 1125 Ἱεροῦ
575 1048 682 1124 στομίου
693 1052 739 1106 τοῦ
751 1048 856 1127 Ὶστρου
871 1053 991 1124 ποταμοῦ

209 1138 244 1203 εἷς
257 1134 333 1195 πόλιν
344 1133 447 1213 Ἴστρον
461 1136 562 1193 στάδιοι
574 1136 612 1214 ρ’,
627 1134 701 1212 μιλια
713 1133 763 1208 ξς’,
781 1135 807 1193 ε’
816 1135 851 1204 ς’.

246 1244 284 1284 7⁰·
305 1222 381 1295 Δύτη
395 1226 414 1293 ἡ
428 1222 504 1289 πόλις
516 1220 619 1301 Ἴστρος
633 1221 686 1280 αἰπδ
702 1228 748 1281 τοῦ
765 1227 883 1299 ποταμοῦ
898 1221 991 1281 έλαόεν

169 1330 195 1367 ιο
206 1310 238 1369 τὸ
251 1310 345 1387 ὄνομα.
388 1309 443 1369 Καὶ
456 1309 555 1381 ταύτην
567 1309 616 1381 τὴν
626 1309 702 1369 πόλιν
715 1310 841 1381 Μιλήσιοι
852 1310 991 1383 κτίζουσιν,

207 1398 286 1469 ἡνίκα
301 1400 410 1458 Σκυθῶν
425 1399 460 1463 είς
474 1398 521 1467 τλν
535 1396 623 1456 Ἀσίαν
638 1397 788 1475 στράτευμα
801 1396 875 1469 διέύη
890 1398 991 1476 βαρόά·

209 1510 272 1565 ρων,
286 1485 316 1543 τό
329 1483 490 1562 Κιμμερίους
499 1485 592 1542 διῶκον
607 1487 638 1543 ἐκ
647 1490 693 1543 τοῦ
703 1484 850 1563 Βοσπόρου,

248 1594 285 1634 71.
308 1572 372 1632 Ἀπὸ
385 1571 414 1629 δέ
423 1570 527 1651 Ἴστρου
541 1571 641 1638 πόλεως
655 1572 692 1638 εἷς
704 1571 814 1647 Τομέων
828 1571 903 1629 πόλιν
917 1571 992 1649 ἔχου-

209 1684 258 1719 σαν
270 1659 384 1740 θρορμον
396 1657 497 1717 στάδιοι
510 1657 542 1730 τ’,
557 1658 633 1733 μίλια
647 1658 687 1735 μ’.

169 1768 194 1803 ιε
247 1767 284 1809 72.
306 1745 392 1822 Τόμοι
405 1745 509 1803 άποικοι
518 1745 651 1821 γενομένω
660 1744 810 1821 Μιλησίων,
823 1745 874 1804 ὑπὸ
883 1748 992 1805 Σκυθῶν

207 1837 234 1893 έν
250 1831 339 1912 κύκλῳ
352 1829 603 1915 [περι]οικούμενοι.

247 1940 284 1979 70.
308 1919 371 1978 Ἀπὸ
386 1918 413 1976 δὲ
425 1918 536 1994 'sopor
550 1922 586 1985 είς
599 1919 733 1979 Κάλλατιν
748 1917 841 1991 πόλιν,
850 1921 876 1976 ἐν
887 1911 993 1998 ᾖόρμος

208 2007 301 2083 ναυσὶ,
320 2006 420 2065 στάδιοι
436 2006 471 2080 τ’,
485 2005 560 2081 μίλια
572 2007 610 2082 μ’.

247 2115 284 2155 τι.
303 2093 437 2158 Κάλλατις
458 2091 650 2171 Ἡρακλεωτῶν
665 2092 773 2152 ἀποικία
787 2090 855 2150 κατά
870 2090 991 2171 χρησμόν

170 2202 197 2239 ro
208 2179 342 2260 γενομένη.
383 2177 513 2239 Ἐκτισαν
529 2179 557 2238 δέ
574 2179 690 2256 ταύτην,
712 2180 788 2251 ἡνίκα
804 2178 851 2248 τὴν
868 2178 992 2238 Μακεδό-

209 2291 259 2325 νων
274 2264 359 2345 άρχὴν
373 2264 502 2341 Ἀμύντας
516 2264 676 2344 παρέλαθεν.

248 2374 284 2414 70.
307 2352 372 2412 'Arri
386 2355 413 2411 δέ
433 2352 598 2419 Καλλάτιδος
612 2354 647 2418 εἰς
665 2355 761 2430 Καρῶν
779 2352 873 2428 λιμένα
891 2350 992 2409 στάδιοι
1028 2394 1031 2399 -

209 2443 265 2521 ρπ’,
275 2440 350 2518 μίλια
358 2440 408 2500 κδ’.
451 2440 506 2501 Καί
518 2444 535 2509 ἡ
547 2444 580 2516 γῆ
593 2441 619 2496 ἐν
631 2437 721 2518 κύκλῳ
731 2444 778 2497 τοῦ
790 2437 892 2514 λιμένος
903 2438 992 2515 Καρία

209 2530 352 2601 κληίζεται.
394 2532 450 2588 Νῦν
460 2527 487 2586 δὲ
500 2529 527 2584 αἱ
538 2526 637 2605 Καρίαι
646 2525 767 2603 λέγονται
783 2524 886 2603 Καρέα.
929 2524 993 2584 Ἀπὸ

167 2633 195 2670 ιε
209 2616 236 2675 δέ
253 2619 348 2694 Καρῶν
362 2615 467 2691 λιμένος
481 2617 518 2681 εἰς
538 2616 564 2674 Τ
565 2613 699 2691 ετρισιάδα
715 2612 773 2683 ἤτοι
787 2612 895 2691 Τίριζαν
909 2611 991 2691 άκραν

197 2702 365 2781 Ιλεγομένην,
378 2703 490 2779 ἔχωσαν
501 2700 547 2759 καὶ
557 2699 673 2780 ύρορμον
687 2706 741 2766 τοῖς
750 2700 795 2779 ἄρ’
809 2698 921 2778 ἑσπέρας
932 2697 993 2757 άνέ-

209 2812 281 2864 μοις,
291 2794 334 2846 νῦν
346 2786 392 2869 [δὲ
402 2788 413 2864 ]
422 2785 565 2863 λεγομένην
571 2782 683 2865 Ἀκραν,
691 2787 790 2845 στάδιοι
798 2786 850 2866 ρκ’,
861 2788 936 2864 μίλια
947 2787 989 2857 ις’,

198 2876 272 2955 ΙἈπὸ
279 2875 306 2934 δὲ
316 2872 482 2955 Τετρισιάδος
491 2874 549 2945 ἤτοι
560 2871 657 2951 Ἀκρας
670 2876 706 2939 είς
717 2874 836 2945 Βιζώνην
844 2874 989 2953 πολίχνιον,

208 2970 235 3024 ίν
246 2956 377 3044 ᾧσάλος,
388 2962 489 3022 στάδιοι
500 2960 532 3041 ξ’,
548 2960 622 3038 μίλια
633 2960 672 3031 η’.

169 3071 196 3109 30
248 3072 284 3111 ια.
305 3054 392 3112 Τοῦτο
405 3050 435 3108 τό
448 3049 581 3128 πολίχνιόν
594 3071 661 3115 τινες
675 3048 722 3126 μέν
738 3071 816 3128 φασιν
831 3048 989 3128 βαρόάρων,

208 3137 273 3207 τινές
288 3138 310 3196 δ’
325 3139 433 3196 ἄποικον
444 3136 578 3214 γεγονέναι
592 3134 779 3215 Μεσημόρίας.
819 3147 825 3158 “

247 3244 285 3284 77.
309 3224 373 3285 Ἀπὸ
396 3221 423 3281 δὲ
438 3226 550 3291 Βιζῶνος
572 3224 608 3289 είς
628 3221 814 3281 Διονυσόπολιν
829 3224 931 3281 στάδιοι
948 3223 991 3294 π’,

208 3313 284 3390 μίλια
297 3313 327 3390 ι’,
344 3312 369 3370 ε’
382 3311 420 3377 ς’.

248 3421 289 3462 78.-
308 3399 383 3471 Αύτη
397 3403 416 3470 ἡ
430 3399 613 3464 Διονυσόπολις
625 3400 729 3478 πρῶτον
741 3397 889 3473 ὠνομάζετο
904 3400 990 3475 Κρου·

168 3505 195 3543 σε
208 3489 247 3546 vol
268 3487 312 3546 διδ
334 3486 381 3552 τὰς
405 3489 455 3544 τῶν
476 3485 552 3564 έγγθς
571 3484 674 3543 ύδάτων
693 3483 825 3564 έκρύσεις·
850 3484 941 3542 ἔπειτα
964 3485 992 3542 δέ

209 3573 400 3651 μετωνομάσθη
421 3575 591 3638 Ματιόπολις·
619 3572 724 3651 θστερον
747 3571 791 3644 δὲ,
820 3575 992 3630 Διονυσιακοῦ

208 3663 362 3740 ἀγάλματος
375 3660 565 3739 προσπεσόντος
579 3664 609 3718 ἐκ
622 3663 669 3730 τῆς
680 3659 809 3730 θαλάττης
822 3662 876 3724 τοῖς
888 3658 991 3732 τόποις,

209 3747 394 3808 Διονυσόπολιν
408 3746 512 3823 λέγουσι
526 3748 654 3818 κληθῆναι
668 3745 757 3803 πάλιν.
800 3744 847 3804 Ἐν
866 3745 993 3825 μεθορίοις

208 3835 235 3893 δέ
246 3839 294 3907 τῆς
308 3833 447 3914 Κροόύζων
461 3835 506 3892 καί
521 3836 629 3893 Σκυθῶν
642 3832 730 3912 χώρας
742 3834 864 3908 κειμένη,
880 3833 992 3910 μιγάδας

168 3937 196 3977 ιο
207 3923 341 3995 Ἕλληνας
350 3922 454 3994 οἰκητὰς
468 3921 532 4000 ἔχει.

208 4057 337 4073 —n——n

207 4125 248 4176 καλ
269 4122 317 4176 tet
338 4126 381 4188 τῆς
401 4124 516 4192 χιόνος..
536 4121 560 4174 ἔν
579 4121 605 4174 δὲ
628 4127 665 4194 τῷ
679 4123 741 4192 θέρει
762 4123 891 4192 legeretur
916 4121 989 4176 τάπδ

207 4203 233 4254 δὲ
248 4206 290 4268 τῆς
302 4203 407 4271 χιόνος..
425 4202 466 4253 καλ
481 4201 505 4254 έν
518 4205 554 4270 τῷ
566 4201 637 4270 θέρει,
651 4202 814 4271 transpositis
828 4219 853 4253 ιι.
867 4200 926 4254 etet
936 4203 987 4254 καλ.

211 4282 222 4348 ll
245 4308 281 4320 -
300 4278 433 4348 ἐξίησιν]
457 4278 541 4340 ἔξεισιν
567 4278 665 4342 codex;
689 4297 741 4331 em.
767 4278 898 4331 Meineke.
925 4281 990 4347 ΙΙ-

207 4375 233 4410 2.
260 4357 384 4424 θαλάσσης
405 4356 498 4410 codex.
518 4359 528 4426 ΙΙ
551 4387 588 4398 -
602 4357 628 4409 5.
647 4356 710 4409 εἷθ’
736 4356 848 4428 ούτως]
863 4360 895 4409 10
914 4359 954 4410 his
967 4361 989 4410 si

207 4446 290 4506 poetae
310 4437 389 4488 verba
402 4436 491 4500 latent,
512 4434 642 4488 medicina
654 4446 731 4504 egent
742 4436 895 4488 violentiore
908 4437 918 4504 (
933 4437 987 4489 vid.

207 4523 264 4566 not.
281 4512 315 4565 ad
328 4515 433 4584 Scymn.
448 4530 502 4582 79⁰
511 4513 531 4585 ).
541 4515 577 4565 At
584 4523 690 4583 praestat
704 4524 750 4566 aut
760 4514 825 4566 nihil
836 4524 991 4566 mutareaut

207 4594 258 4645 leni
271 4611 351 4645 manu
364 4593 478 4645 scribere
490 4591 537 4645 εἷθ’
553 4587 633 4657 ούτος,
643 4603 669 4645 et
684 4594 718 4646 ita
731 4593 810 4646 verba
823 4594 989 4664 interpretari

206 4681 236 4723 ιιι
247 4669 307 4724 secl.
321 4670 441 4724 indicare
455 4675 609 4741 Anonymus
622 4670 705 4724 voluit
715 4671 850 4741 quomodo
860 4682 936 4741 poeta
949 4674 960 4738 (
973 4689 989 4724 a

207 4750 316 4802 meridie
338 4750 445 4804 boream
465 4768 555 4802 versos
571 4747 702 4822 pergens)
722 4748 756 4802 de
766 4752 818 4803 situ
838 4749 928 4802 insulae
939 4761 988 4802 sta·

1037 756 1134 791 nomen
1162 750 1271 810 propter
1293 742 1396 811 copiam
1427 759 1507 812 quam
1535 743 1651 795 continet
1674 744 1875 811 picearum.

1038 840 1137 893 Deinde
1147 842 1186 895 sic
1196 842 1306 915 pergit:
1321 844 1385 896 Post
1395 862 1453 896 eam
1468 846 1495 897 in
1512 844 1564 897 alto
1574 844 1642 914 jacet
1658 842 1806 897 Achillis
1826 842 1875 891 in·

1037 943 1102 1008 sula,
1116 942 1147 995 de
1157 962 1209 1014 qua
1221 962 1267 996 nos
1273 946 1333 1015 jam
1343 944 1461 998 diximus
1473 948 1515 1013 (E
1522 945 1622 1017 pericg.
1638 950 1759 1015 774-91
1775 946 1808 1012 ).

1073 1056 1117 1118 69.
1137 1054 1160 1103 A
1180 1052 1259 1103 Sacro
1280 1053 1347 1105 ostio
1363 1054 1424 1105 lstri
1442 1052 1476 1105 ad
1497 1053 1627 1107 civitatem
1647 1054 1772 1105 Istrum
1807 1058 1874 1102 sta·
1971 1084 1972 1094 ι

1037 1134 1080 1187 dia
1094 1136 1154 1199 500.
1166 1136 1236 1189 milia
1255 1140 1310 1206 663-
1324 1139 1389 1205 (Ex
1402 1138 1513 1191 Atrion.
1530 1138 1588 1205 §35
1599 1137 1620 1207 ).

1073 1247 1117 1297 70.
1137 1230 1199 1282 Haec
1210 1230 1589 1284 urbsablstroilurionomen
1600 1232 1717 1301 accepit;
1737 1240 1778 1282 et
1794 1247 1869 1282 eam

1037 1314 1130 1368 urbem
1145 1315 1322 1369 condiderunt
1333 1318 1445 1383 Milesii,
1462 1335 1545 1387 quum
1560 1319 1718 1387 Scytharum
1741 1317 1869 1369 barba-

1036 1425 1128 1461 rorum
1143 1410 1274 1462 exercitus
1284 1412 1312 1461 in
1327 1410 1415 1465 Asiam
1429 1410 1539 1473 uansiit,
1553 1410 1712 1462 Cimmerios
1727 1411 1867 1479 Bospo-

1037 1510 1114 1545 ranos
1125 1511 1283 1563 persequens
1295 1496 1306 1562 (
1316 1499 1340 1547 E
1348 1494 1446 1567 perieg.
1459 1499 1559 1564 767·7a
1572 1497 1593 1563 ).

1073 1600 1117 1653 71.
1137 1584 1179 1637 Ab
1188 1586 1256 1637 Istro
1274 1584 1340 1637 urbe
1355 1584 1388 1637 ad
1404 1584 1576 1637 Tomeusium
1586 1584 1696 1649 urbem,
1715 1587 1864 1638 navium

1037 1655 1339 1775 statione3i5nstructam,
1363 1653 1445 1707 stadia
1463 1655 1523 1719 300,
1547 1653 1619 1707 milia
1639 1659 1674 1717 [ιο
1687 1658 1770 1725 (Ex
1790 1660 1860 1709 Ar-

1039 1742 1108 1775 rtur.
1208 1764 1214 1776 .

1074 1727 1223 1862 yrsronli,
1236 1794 1397 1847 Milesiorum
1408 1794 1519 1859 colonia,
1533 1812 1548 1847 a
1558 1794 1659 1864 Scythis
1669 1794 1784 1847 accolis
1793 1813 1858 1847 un·

1037 1862 1117 1934 dique
1129 1864 1242 1931 cingitur
1257 1866 1300 1930 (E
1306 1864 1404 1935 pericg.
1419 1864 1469 1933 765
1484 1882 1522 1934 sq.
1538 1867 1549 1931 )

1073 1934 1118 2001 73.
1137 1936 1161 1985 A
1169 1934 1344 1986 Tomensibus
1353 1933 1387 1986 ad
1396 1934 1504 1987 Callatia
1519 1933 1622 1999 urbem,
1636 1932 1669 1986 ad
1680 1951 1774 2003 quam
1787 1944 1854 1987 sta·

1037 2019 1074 2070 tio
1081 2020 1187 2071 navium
1194 2030 1242 2083 ast,
1253 2017 1334 2071 stadia
1346 2020 1405 2083 300,
1417 2019 1488 2071 milia
1495 2021 1599 2087 40(Ex
1605 2020 1716 2073 Arriae.
1729 2023 1747 2087 §
1764 2019 1809 2071 35
1821 2023 1846 2087 ).

1073 2109 1118 2175 74.
1137 2104 1251 2170 Callatis,
1267 2107 1481 2159 Heracleotarum
1494 2106 1607 2171 colonia,
1619 2106 1735 2159 deducta
1747 2107 1847 2177 jussu

1036 2192 1144 2245 oraculi.
1183 2192 1366 2245 condiderunt
1385 2211 1443 2245 eam
1462 2193 1569 2263 quando
1583 2193 1768 2247 Macedonum
1793 2213 1845 2247 re·

1036 2298 1118 2349 guum
1131 2283 1258 2350 Amyntas
1270 2282 1383 2350 suscepit
1396 2280 1405 2351 (
1418 2284 1442 2332 Ε
1451 2280 1548 2351 ρενίςρ.
1565 2286 1614 2350 761
1629 2300 1686 2353 sqq.
1698 2282 1718 2353 ).

1073 2366 1117 2436 75.
1137 2370 1162 2420 A
1176 2366 1266 2419 Callati
1286 2366 1320 2419 ad
1334 2369 1431 2420 Carum
1448 2378 1554 2438 portum
1575 2368 1659 2421 stadia
1674 2372 1734 2433 180,
1752 2368 1840 2421 milia

1036 2457 1082 2515 al.
1119 2453 1201 2521 Regio
1212 2470 1320 2522 quoque
1332 2470 1390 2523 quae
1401 2454 1471 2505 circa
1482 2463 1589 2523 portum
1600 2464 1649 2518 cst,
1662 2455 1737 2508 Caria
1753 2473 1836 2507 uun·

1037 2550 1148 2609 cupatur
1161 2540 1225 2606 (Ex
1236 2540 1347 2592 Arriae.
1361 2543 1376 2607 §
1389 2540 1422 2593 35
1433 2543 1453 2607 ).
1469 2542 1545 2593 Nunc
1555 2558 1617 2593 vero
1628 2541 1705 2595 Caria
1714 2552 1838 2594 rooetur

1036 2626 1128 2679 Cerea.
1139 2655 1177 2668 -
1189 2631 1213 2679 A
1223 2625 1320 2677 Carum
1332 2636 1411 2696 portu
1422 2625 1455 2677 ad
1466 2626 1638 2697 Tetrisiadem
1646 2645 1694 2681 seu
1704 2630 1833 2681 'lirizam

1036 2728 1134 2775 acram,
1142 2728 1200 2781 quae
1207 2712 1369 2764 stationema
1379 2712 1462 2764 ventis
1470 2712 1643 2765 exoccidente
1652 2713 1778 2765 flantibus
1789 2724 1834 2766 tu·

1037 2806 1091 2849 tam
1106 2796 1194 2860 habet,
1208 2807 1234 2849 ot
1252 2814 1324 2849 nunc
1344 2802 1412 2849 Acra
1425 2796 1477 2849 dici
1500 2796 1574 2862 solet,
1587 2796 1669 2851 stadia
1680 2808 1742 2851 sunt
1760 2815 1828 2861 rao,

1038 2882 1107 2935 milia
1122 2887 1164 2935 16.
1178 2886 1201 2935 A
1214 2881 1358 2934 Tetrisiade
1371 2883 1425 2933 sive
1443 2884 1511 2934 Acra
1525 2881 1558 2934 ad
1569 2884 1694 2937 Bizonem
1707 2884 1828 2955 oppidu-

1036 2970 1103 3036 lum,
1112 2971 1246 3024 abisalom
1255 2982 1302 3036 est,
1311 2970 1444 3036 modiatio,
1455 2971 1525 3024 milia
1535 2975 1550 3026 8
1559 2971 1612 3042 (Cf.
1623 2973 1733 3026 Arriae.
1746 2974 1763 3026 l.
1777 2975 1823 3042 l).

1073 3062 1117 3126 76.
1136 3057 1168 3110 Id
1177 3057 1332 3128 oppidulum
1343 3057 1462 3110 nonnulli
1470 3057 1558 3110 lerunt
1568 3076 1624 3110 esse
1634 3058 1824 3124 barbarorum,

1036 3145 1144 3215 quidam
1153 3163 1216 3198 vero
1225 3145 1389 3198 Mesembriae
1399 3145 1528 3198 coloniam
1538 3147 1575 3214 (Ε
1580 3146 1680 3218 perieg.
1691 3146 1743 3216 759
1754 3153 1828 3218 sq.).'

1072 3251 1116 3303 77.
1137 3237 1161 3288 A
1184 3233 1281 3286 Bizone
1305 3233 1339 3285 ad
1362 3233 1553 3304 Dionysopolin
1576 3232 1660 3286 stadia
1679 3237 1723 3298 80,
1750 3235 1823 3288 milia

1039 3336 1072 3373 10
1088 3321 1298 3390 uruntur.
1313 3321 1372 3389 §35
1383 3324 1404 3390 ).

1073 3409 1117 3475 78.
1137 3409 1199 3460 Haec
1219 3406 1283 3460 urbs
1300 3415 1376 3460 antea
1389 3408 1472 3460 Cruni
1483 3406 1660 3478 appellabatur
1673 3407 1708 3460 ob
1723 3409 1821 3460 vicinas

1037 3509 1167 3563 aquarum
1180 3493 1364 3562 scaturiginem
1382 3491 1504 3564 deinceps
1516 3511 1578 3546 vero
1592 3493 1661 3547 dicta
1673 3504 1712 3546 est
1724 3497 1821 3548 Matio-

1036 3577 1112 3649 polis.
1150 3579 1270 3632 Tandem
1284 3597 1363 3644 vero,
1378 3596 1462 3650 quum
1479 3597 1495 3631 e
1508 3581 1574 3632 meri
1588 3579 1694 3652 appulsa
1705 3598 1737 3632 eo
1757 3580 1819 3633 fuis-

1037 3674 1076 3718 set
1085 3664 1180 3717 Baochi
1189 3674 1291 3730 statua,
1308 3665 1494 3735 Dionysopolis
1506 3676 1596 3718 vocata
1609 3675 1658 3718 est.
1695 3667 1726 3718 Iu
1739 3667 1819 3719 confi·

1037 3752 1161 3804 niis'vero
1171 3751 1352 3821 Crobyzorum
1370 3761 1397 3803 et
1407 3751 1562 3822 Scytharum
1582 3751 1695 3820 regionis
1708 3753 1757 3804 sita
1768 3764 1816 3816 est,

1037 3847 1063 3888 et
1087 3836 1184 3890 incolas
1213 3836 1292 3892 habet
1314 3837 1420 3889 Graecos
1444 3836 1499 3888 aliis
1525 3837 1620 3888 mixtos
1648 3837 1658 3903 (
1671 3840 1695 3888 E
1717 3837 1815 3908 perieg.

1039 3922 1137 3992 751·57
1149 3926 1168 3990 ).

1070 4126 1085 4190 §
1103 4128 1147 4178 71.
1164 4121 1196 4182 εἰς
1209 4122 1316 4192 Τομέαν,
1336 4120 1381 4174 sed
1395 4120 1483 4192 paullo
1497 4131 1556 4191 post
1567 4124 1582 4190 s
1594 4122 1627 4190 73
1642 4120 1689 4174 άπδ
1701 4121 1814 4192 Τομέων,

1035 4199 1129 4254 codex.

1070 4281 1138 4347 572.
1154 4278 1196 4328 Τό
1202 4297 1256 4348 μοι
1267 4280 1277 4349 ]
1290 4279 1380 4349 Τομίοι
1394 4277 1486 4330 codex.
1503 4279 1623 4332 Fortasse
1632 4288 1719 4331 tamen
1730 4290 1815 4349 poeta,

1034 4375 1066 4409 ex
1079 4374 1133 4428 quo
1141 4355 1197 4408 haec
1210 4356 1422 4426 interponuntur,
1434 4357 1501 4409 sicut
1510 4359 1647 4424 Arrianus,
1658 4357 1748 4428 Τσμεῖς
1756 4361 1816 4411 sori·

1034 4435 1095 4506 psit.
1110 4435 1216 4486 -Mox
1228 4436 1354 4504 γινόμενοι
1368 4445 1394 4488 et
1407 4433 1537 4506 οἰκουμένη
1547 4433 1639 4487 codex.

1070 4517 1084 4582 S
1098 4519 1142 4568 7³.
1157 4513 1265 4566 Κάλατιν
1274 4513 1357 4567 codex
1370 4515 1478 4583 ubique.

1069 4594 1143 4660 57⁵,
1159 4592 1176 4644 l.
1199 4597 1243 4655 al.
1258 4591 1321 4664 ρκ’]
1345 4591 1383 4663 ρκ’
1405 4591 1502 4655 codex;
1526 4609 1579 4644 em.
1599 4594 1677 4644 Voss.
1695 4593 1706 4660 ΙΙ
1721 4592 1816 4643 -Κά-

1034 4689 1098 4742 ριαι
1114 4681 1165 4723 etc.
1177 4673 1186 4741 Ι
1200 4673 1237 4723 sic
1247 4671 1334 4737 editt,
1345 4671 1409 4724 laiso
1421 4669 1493 4723 haud
1506 4670 1596 4723 dubie.
1601 4689 1609 4736 ;
1619 4669 1702 4723 codex
1712 4669 1738 4721 αἱ
1746 4689 1816 4740 καραι

1035 4748 1189 4820 (sinemo).
1202 4749 1275 4818 Quid
1287 4749 1362 4802 lateat
1372 4751 1470 4803 nescio.
1480 4751 1513 4802 In
1529 4767 1588 4820 sqq.
1601 4751 1680 4803 etiam
1691 4748 1815 4802 nonnulla

206 4831 295 4894 tuerit,
309 4828 421 4900 ideoque
432 4829 486 4882 haec
498 4827 737 4900 instarappendicis
748 4828 896 4899 subjunxit,
904 4846 988 4900 quum
1033 4832 1189 4899 Anonymus
1200 4827 1294 4892 hahet,
1309 4844 1367 4899 quae
1380 4829 1408 4880 io
1421 4829 1533 4880 Arriano
1545 4845 1600 4880 non
1611 4827 1742 4898 leguntur.
1753 4829 1764 4896 ll
1780 4857 1816 4868 -

206 4918 301 4960 nostrae
313 4927 345 4962 cx
361 4907 454 4961 ordine
467 4909 628 4980 perieyaseos
640 4926 749 4979 prorsus
765 4906 911 4961 omittenda
926 4905 988 4958 luis·
1033 4906 1077 4960 25.
1097 4905 1152 4972 ἤτοι
1167 4909 1332 4977 τιριζανακρος
1347 4907 1425 4975 (sic)
1441 4905 1535 4959 codex.
1559 4908 1570 4976 ll
1585 4935 1620 4947 -
1634 4911 1677 4960 06.
1694 4905 1734 4976 ἆρ’
1746 4905 1814 4959 ἑσπέ-

206 4996 315 5130 militi.
332 5064 365 5127 εἰς
377 5065 448 5118 πόλιν
460 5065 501 5117 καὶ
511 5065 622 5137 ποταμόν
637 5065 678 5118 καλ
691 5066 787 5138 Ἴστρον
797 5065 889 5119 codex.
901 5066 989 5118 Arria-

1033 5002 1077 5054 ραν
1086 4985 1146 5038 cod.

1069 5068 1141 5132 577.
1155 5065 1301 5135 Βιζῶνυς]
1313 5065 1350 5116 sic
1364 5063 1446 5117 codex
1456 5084 1463 5128 ;
1475 5064 1546 5134 quod
1563 5081 1617 5117 non
1628 5064 1726 5116 mutavi
1737 5065 1763 5116 in
1774 5065 1813 5116 Βι-

207 5143 324 5208 nasses
340 5144 430 5196 urbem
447 5156 520 5198 vocat
537 5143 650 5215 Ἰστρίαν.
661 5148 857 5215 -Mox.570,
869 5141 933 5197 l.‘12
945 5149 988 5212 τῆς
1032 5147 1120 5212 ζώνης.
1136 5145 1177 5198 Cl.
1199 5155 1253 5197 not.
1270 5146 1296 5196 in
1313 5147 1417 5198 Arrian.

210 5220 334 5289 Βοσπόρου
344 5221 436 5275 codex.

1068 5225 1209 5292 §tatto
1234 5221 1575 5293 ΜατιόπολιςΠὶάωοῑ
1594 5221 1810 5294 adScymn.753.
