3950 5925
551 454 554 461 ,
639 381 689 439 DE
710 378 1010 441 th'llldllClllllll
1030 379 1173 441 CllllllO.
1661 404 1713 447 111

99 514 195 571 atatis
209 514 217 579 l
230 534 262 573 v.
277 512 323 571 l⁷r.
338 512 372 571 ll.
383 510 432 584 lV,
442 532 475 590 p.
490 513 578 584 377),
595 510 626 568 in
640 512 737 570 medio
754 510 893 587 relinqui·
930 510 961 567 in
976 511 1179 589 geographicis
1187 524 1281 569 autem
1291 510 1539 587 distinguerentur
1553 518 1724 591 turninga--

98 630 175 668 mus.
205 610 306 687 Neque
325 611 418 684 magis
439 622 551 667 constat
567 611 609 666 de·
626 609 813 686 AEthiopicis‚
827 628 893 684 cquae
931 610 1715 689 nera,separatimqueagereturdepopulis,debestiis,

101 707 212 764 Suidas
238 705 343 764 tribuit
364 706 492 763 Charoni
511 704 725 782 lampsacena,
746 724 799 762 nos
823 724 893 761 vero
929 701 966 759 de
991 703 1099 779 plantis
1120 716 1187 779 etc.,
1210 704 1316 781 vpopuli
1343 724 1446 763 rursus
1473 722 1715 783 componerentur

99 801 235 861 Charoni
260 800 434 858 Naucratitae
458 800 599 857 historico
629 798 806 857 vindicanda
829 816 893 857 esse
930 796 1090 853 secundum
1105 798 1715 878 11111111101111110111111111110011110-

98 900 300 977 suspirrtmu'r,
932 912 997 949 rum
1016 893 1101 949 titulo
1113 893 1427 971 comprehenderentur
1438 914 1540 955 omnes
1552 896 1600 955 isti
1612 898 1715 975 populi

140 1016 194 1071 9²·
209 994 281 1052 Post
292 1005 336 1051 tot
353 993 484 1051 virorum
502 991 667 1050 Graecorum
682 993 795 1069 itinera,
806 1008 893 1068 expe·
931 989 982 1065 qui
1004 1006 1058 1065 per
1078 1002 1235 1066 utrumque
1253 991 1336 1049 sinus
1359 992 1477 1049 Arabici
1496 992 1571 1051 latus
1586 1006 1615 1051 et
1629 997 1717 1053 meri·

99 1088 233 1146 ditiones
249 1089 442 1165 conditosque
463 1087 499 1145 de
517 1088 555 1146 iis
569 1089 796 1145 commentarios
814 1106 892 1163 quae-
932 1084 1078 1143 dionalem
1096 1085 1214 1143 Arabiae
1233 1105 1315 1143 oram
1334 1088 1450 1145 etsinus
1469 1087 1581 1146 Persici
1604 1090 1715 1149 insulas

100 1204 148 1241 ras
158 1184 303 1261 quidnam
312 1183 538 1259 Agatharchides
544 1184 735 1243 suisllemari
743 1182 892 1260 Erythraeo
932 1180 1058 1257 dispersi
1073 1181 1199 1258 piscium
1211 1178 1331 1259 captura
1341 1184 1432 1241 vitam
1442 1197 1612 1243 sustentant.
1626 1187 1716 1243 Deni-

100 1278 189 1337 lihris
203 1279 339 1356 quinque
349 1281 528 1356 praestiterit.
542 1284 652 1338 Vereor
662 1299 698 1337 ne
708 1281 821 1337 minora
833 1280 893 1337 fue·
932 1295 989 1353 que
1003 1297 1094 1354 quum
1120 1297 1251 1355 persaepe
1273 1279 1391 1355 quidem
1411 1281 1442 1338 in
1470 1281 1518 1339 bis
1537 1284 1716 1342 narrationis

102 1376 163 1432 rint
176 1395 266 1451 quam
279 1376 503 1452 exspectaveris.
518 1375 629 1445 Quodsi
640 1394 676 1433 ex
690 1389 773 1453 parto
790 1394 894 1451 super·
932 1371 1068 1449 patlibus
1081 1372 1118 1429 de
1131 1392 1183 1431 0111
1196 1375 1343 1431 maritima
1357 1396 1453 1434 sermo
1472 1379 1585 1454 fuisset,
1607 1400 1659 1437 nec
1673 1394 1716 1438 111·

101 1472 172 1529 stite
185 1471 348 1547 deintegro
360 1490 449 1549 opere
456 1472 601 1548 judicium
617 1472 691 1529 ferre
702 1472 780 1543 licet,
794 1490 893 1529 narra·
932 1486 999 1525 men
1009 1467 1090 1544 justa
1108 1470 1173 1545 ejus
1181 1468 1341 1547 descriptio
1352 1470 1547 1543 exhiberetur,
1560 1475 1715 1552 separatim

99 1579 198 1624 torem
221 1586 293 1625 sane
324 1566 465 1625 habemus
495 1584 632 1638 suavem,
661 1567 893 1645 perelegantem,
933 1563 1590 1637 11111111111111101111111111111,1111110
1606 1582 1718 1646 atquae

101 1680 268 1737 omnesque
289 1660 355 1718 illas
374 1662 518 1719 orationis
541 1662 665 1719 virtutes
683 1662 892 1733 ostendentem,
933 1656 965 1713 in
978 1658 1215 1717 antecedentibus
1233 1658 1295 1736 iam
1308 1662 1499 1739 exposuisset,
1512 1665 1668 1740 omitteret,
1680 1684 1718 1723 ex

101 1775 175 1829 quas
198 1756 232 1811 in
262 1755 415 1813 historicis
435 1755 534 1813 Nostri
567 1755 683 1830 scriptis
711 1775 895 1834 summopere
933 1752 1055 1830 reliquis
1066 1769 1161 1813 autem
1182 1757 1301 1815 nonnisi
1318 1756 1355 1815 ad
1375 1758 1525 1817 mirabilia
1542 1774 1571 1818 et
1581 1759 1616 1817 τὰ
1626 1759 1719 1837 πόρρω

101 1851 229 1908 Photius
244 1851 392 1927 laudavit,
414 1864 552 1927 tantoque
565 1852 712 1928 promtius
725 1871 779 1909 nos
791 1852 895 1929 praedi·
932 1847 1041 1922 aelisam
1056 1849 1109 1907 ert
1121 1853 1168 1919 τῆς
1181 1851 1316 1921 συνηθείας
1336 1853 1504 1913 attenderet.
1517 1853 1565 1911 Sic
1579 1855 1716 1928 mixtum,

100 1965 215 2020 carnus,
232 1966 295 2023 quo
309 1947 408 2004 minus
420 1946 680 2025 geographicorum
693 1949 849 2025 scriptores
859 1948 895 2005 de
933 1945 1064 2017 varium,
1079 1944 1218 2003 diffusum
1231 1966 1306 2024 opus
1325 1946 1480 2021 1011111111,
1495 1949 1578 2026 cttjus
1593 1971 1717 2027 geogra-

101 2042 139 2100 iis
157 2043 286 2101 solliciti
301 2063 364 2101 esse
379 2044 483 2104 solent.
497 2046 534 2102 ht
547 2045 643 2121 ipsum
658 2043 733 2103 illud
748 2046 895 2120 elegantias
933 2040 1021 2118 phiec
1031 2040 1056 2099 si
1071 2043 1138 2118 quis
1155 2044 1185 2099 in
1199 2042 1299 2101 tabula
1309 2043 1456 2103 delineare
1469 2048 1570 2104 omnia
1582 2060 1716 2118 tentaret,

102 2138 238 2195 studium
268 2140 301 2196 in
322 2160 408 2198 causa
435 2140 524 2199 luisse
544 2140 661 2198 videtur
683 2154 715 2199 ut
737 2142 896 2217 negligeret
934 2137 1024 2195 11111111
1038 2137 1158 2195 aliunde
1167 2140 1303 2197 assumtis
1313 2141 1446 2218 auxiliis,
1459 2143 1630 2220 perplexum
1649 2164 1719 2203 saue

101 2249 205 2292 auctor
219 2234 359 2315 ἀκρίὸειαν
372 2236 467 2308 istam,
479 2256 544 2313 quae
557 2238 589 2293 in
604 2236 708 2295 ordine
720 2240 896 2297 narrationis
934 2233 1081 2307 negotium
1096 2237 1265 2311 susciperet·

101 2332 264 2407 perspicua
276 2334 344 2390 etin
355 2332 486 2390 locorum
498 2333 894 2409 regionumquenominibus,
974 2336 1025 2403 91·
1036 2328 1092 2386 Sed
1104 2330 1559 2407 [11111110110111111111181181111111111
1567 2347 1719 2410 exaequo·

102 2428 173 2496 sitn,
185 2427 317 2499 ambitu,
330 2428 476 2487 distantiis
491 2442 624 2487 accurate
637 2430 811 2488 deliniendis
820 2432 896 2508 posi·
935 2442 1001 2481 rum
1015 2423 1237 2500 perlustremus.
1254 2424 1344 2485 Initio
1356 2426 1426 2485 libri
1442 2429 1530 2505 primi
1545 2448 1640 2487 sermo
1657 2444 1720 2489 erat

102 2534 131 2578 ta
148 2523 334 2600 praeciputtm
350 2523 507 2601 geographi
522 2524 637 2581 laudem
652 2525 813 2583 constituit,
832 2524 897 2593 Qua
933 2518 970 2575 de
980 2518 1179 2589 Ptolemaeoll,
1192 2522 1289 2599 primo
1299 2536 1438 2581 venatore
1448 2522 1631 2601 elephantum
1641 2527 1669 2601 (ᾗ
1679 2527 1717 2601 r).

102 2631 202 2695 spreta
215 2618 384 2693 diligentia,
403 2622 565 2697 pinguntur
574 2619 664 2678 nullis
678 2620 897 2699 circumscripta
935 2616 1048 2674 Deinde
1071 2617 1144 2695 (1-8)
1164 2632 1267 2676 110101
1282 2618 1388 2678 docere
1403 2622 1500 2679 studet
1512 2621 1591 2679 unde
1613 2642 1718 2681 nomen

102 2713 202 2783 lineis,
219 2725 250 2771 11
259 2734 317 2791 pro
327 2714 464 2773 distincta
480 2716 606 2791 imagine
617 2714 764 2793 praebetur
777 2716 898 2774 confusa
935 2710 1039 2768 babeat
1051 2728 1131 2768 mare
1148 2710 1344 2789 Erythraeum3
1359 2734 1418 2791 qua
1431 2716 1507 2773 inre
1521 2716 1667 2774 Persicam
1679 2718 1719 2775 fa·

101 2809 355 2867 nitidissimorum
371 2811 440 2869 licet
459 2811 590 2869 colorum
612 2811 739 2887 farrago.
762 2810 803 2868 Ea
818 2813 897 2869 enim
934 2805 1034 2865 bolam
1050 2808 1115 2885 ipse
1135 2822 1253 2867 secutus
1274 2810 1382 2867 refellit
1398 2812 1523 2868 aliorum
1546 2815 1717 2884 sententias,

103 2906 198 2962 nostri
214 2906 318 2982 operis
327 2906 439 2983 species
450 2918 504 2978 est,
519 2918 622 2969 utnon
632 2918 689 2964 tam
703 2925 719 2964 a
731 2906 897 2986 geographo
934 2914 963 2958 et
972 2900 1097 2959 verbosa
1104 2902 1229 2962 diatribe
1240 2904 1317 2962 ridet
1323 2904 1405 2981 vulgi
1416 2905 1627 2978 credulitatem,
1640 2908 1719 2985 quod

102 3001 290 3059 elaboratum
306 3015 390 3079 putes
405 3021 492 3079 quam
511 3002 657 3060 arhetore
673 2993 895 3075 concinnatum,
935 2998 1046 3057 (iraecls
1061 2999 1168 3058 sabulis
1182 3000 1268 3058 fldem
1283 3021 1343 3060 11011
1361 3002 1492 3077 deneget.
1516 3004 1569 3062 llis
1577 3003 1720 3064 absolutis

102 3097 152 3171 qui
167 3096 228 3154 hoc
242 3095 304 3154 sibi
318 3111 496 3174 proponeret
505 3111 537 3156 ut
550 3116 567 3154 e
578 3098 671 3156 variis
683 3097 808 3158 aliorum
825 3099 895 3156 scri·
935 3096 972 3152 ad
984 3095 1155 3172 elephantos
1175 3097 1251 3154 redit
1265 3099 1292 3173 (5
1305 3099 1346 3173 9).
1366 3098 1437 3168 Quae
1451 3100 1557 3158 deinde
1571 3101 1718 3177 leguntur,

103 3191 165 3266 ptis
179 3190 296 3248 librum
304 3190 425 3248 eliceret
438 3211 585 3250 amoenum
600 3211 633 3250 ac
644 3192 793 3269 juventuti
811 3193 897 3251 lecto·
935 3207 972 3246 ex
985 3192 1118 3248 oratione
1129 3192 1220 3268 petita
1231 3204 1299 3250 sunt
1310 3191 1437 3250 debello
1457 3207 1558 3252 contra
1571 3195 1720 3274 AEthiopes

103 3285 232 3359 rur'nque
250 3285 436 3344 multitudini
458 3299 538 3344 tanto
560 3288 715 3362 gratiorem
737 3307 796 3364 quo
806 3290 897 3365 magis
935 3284 1122 3361 suscipiendo
1143 3285 1171 3360 (5
1184 3287 1303 3361 11-18);
1319 3285 1519 3363 subjiciuntur
1533 3290 1721 3349 nonnullade

102 3381 209 3456 procul
237 3380 362 3439 haberet
385 3395 492 3440 exactae
518 3383 659 3442 doctrinae
689 3385 894 3444 austeritatem.
936 3382 1026 3438 armis
1035 3379 1221 3458 AEthiopum,
1234 3394 1264 3438 et
1275 3382 1423 3458 quomodo
1434 3381 1608 3442 Ptolemaeus
1620 3387 1721 3445 nescio

105 3475 196 3534 hlissa
210 3477 305 3552 igitur
320 3478 387 3536 iecit
406 3492 455 3536 aut
471 3480 530 3538 levi
545 3479 683 3539 bracchio
700 3483 793 3558 tetigit
804 3502 898 3560 popu·
935 3477 1003 3553 quis
1011 3478 1125 3554 equites
1137 3476 1216 3534 bello
1229 3476 1721 3552 1111110ρὶ10(111111110111111111-

105 3573 205 3630 lorum
229 3571 428 3632 barbarorum
448 3577 567 3634 nomina
587 3576 712 3635 horrida
733 3591 762 3636 et
777 3577 898 3655 jejunos
935 3573 975 3628 rit
989 3571 1017 3650 (ς
1035 3592 1082 3646 19,
1096 3572 1157 3648 ao).
1182 3571 1326 3630 llactenus
1345 3573 1494 3650 pertinent
1504 3587 1640 3652 excerpta
1650 3575 1721 3635 libri

105 3689 249 3728 numeros
259 3669 465 3730 distantiarum
478 3683 579 3753 etquae
590 3686 684 3733 cetera
694 3694 753 3731 non
766 3687 899 3752 poterant
936 3669 1036 3744 primi.
1054 3667 1088 3725 ln
1114 3689 1173 3743 quo
1193 3689 1284 3746 quum
1308 3669 1345 3727 de
1367 3670 1531 3748 elephantis
1549 3675 1674 3730 maxime
1693 3687 1722 3730 et

106 3779 211 3824 ornate
234 3785 290 3823 nec
316 3787 367 3824 ore
394 3768 522 3845 proferri
546 3769 690 3839 rotundo;
711 3782 812 3827 contra
827 3789 898 3827 vero
935 3763 1120 3841 AEtbiopibus
1131 3784 1227 3822 sermo
1245 3766 1333 3823 luisse
1346 3765 1493 3840 videatur,
1511 3778 1541 3824 et
1552 3767 1722 3846 elephantos

107 3883 228 3941 operam
244 3863 327 3920 dedit
341 3877 373 3921 ut
393 3877 563 3940 argumenta
578 3867 753 3924 narrationis
772 3869 841 3923 scite
856 3885 899 3924 so.
935 3858 1061 3916 venandi
1078 3859 1204 3916 studium
1213 3873 1350 3935 regnante
1365 3860 1522 3917 Ptolemaeo
1530 3861 1722 3941 Philadelpho

107 3958 213 4033 ligerct
235 3971 267 4016 et
286 3960 445 4018 artificiose
464 3961 590 4018 variaret
613 3973 642 4018 et
662 3980 723 4038 prae
743 3964 847 4020 ceteris
864 3960 898 4019 τὰ
936 3953 1114 4032 AEtltiopicas
1122 3955 1389 4033 regionesprimum
1397 3958 1552 4034 aperuerit,
1560 3958 1723 4036 iisdemque

107 4051 248 4126 θαυμάσια
261 4053 307 4110 καὶ
318 4052 454 4132 παράδοξα
464 4055 640 4132 amplectens
651 4055 747 4133 iisque
755 4055 899 4115 inhaerens
937 4049 1041 4109 bestiis
1055 4051 1195 4109 debeatur
1209 4065 1242 4109 ut
1255 4051 1311 4109 sub
1324 4053 1429 4110 ceteris
1442 4052 1606 4109 Ptolemaeis
1617 4054 1722 4127 cogni·

111 4145 174 4221 ipse
188 4146 345 4206 videretur
358 4150 484 4226 scriptor
499 4149 692 4208 admirabilis,
937 4145 979 4202 tio
1003 4145 1105 4202 harum
1128 4157 1277 4204 terrarum
1303 4145 1428 4204 subinde
1445 4159 1529 4204 aucta
1541 4146 1600 4204 sit:
1620 4161 1724 4224 sponte

149 4243 200 4315 93.
224 4243 378 4300 Dtsrosrro
399 4263 507 4304 011111.
526 4244 703 4322 Terrarum,
730 4265 801 4322 quas
818 4265 897 4304 mare
937 4241 1297 4320 nascitursuspicioprimi
1307 4240 1376 4299 libri
1386 4253 1585 4315 argumentum
1596 4241 1721 4318 positum

111 4333 214 4408 alluit,
232 4335 444 4415 descriptiones
462 4341 504 4397 ita
521 4350 635 4398 veteres
652 4352 785 4397 auctores
799 4341 897 4419 dispo·
939 4337 1029 4394 luisse
1051 4337 1084 4394 in
1109 4337 1234 4394 historia
1252 4356 1365 4408 111111,
1389 4335 1497 4413 quibus
1517 4336 1723 4396 meridionales

112 4448 181 4485 nere
205 4429 303 4489 solent
321 4429 390 4491 ὥστε
411 4431 559 4506 cuniculos
582 4436 712 4492 ποιεῖσθαι
733 4431 781 4506 riv
800 4434 899 4493 θάλασ-
937 4433 987 4492 isti
1003 4445 1110 4491 tractus
1132 4436 1164 4491 in
1185 4434 1317 4492 notitiam
1332 4433 1500 4490 Graecorum
1523 4435 1721 4510 pervenerint.

112 4547 170 4594 oon,
184 4527 349 4605 τῇπαραλίᾳ
361 4529 510 4608 χρώμενοι,
525 4529 680 4607 ἡγεμονικόν
696 4552 723 4587 τι
734 4529 781 4600 τὴν
795 4529 900 4589 idher-
937 4525 1106 4586 11111111111
1114 4529 1205 4604 igitur
1213 4531 1342 4606 primum
1352 4528 1388 4585 dc
1398 4527 1554 4586 Ptolemaeo
1564 4527 1591 4586 ll
1606 4543 1724 4588 venato·

113 4641 162 4676 σαν
177 4620 310 4700 κρίνοντες
324 4623 373 4704 (v.
390 4625 498 4709 Ephor.
510 4645 556 4703 ap.
571 4625 696 4684 Strabon
709 4647 739 4704 p.
753 4627 841 4701 331).
866 4627 901 4686 Et
938 4611 1154 4697 111111111111,
1167 4625 1262 4700 deque
1275 4622 1462 4681 Ptolemaidis
1472 4622 1510 4680 ab
1523 4623 1725 4682 Eumedecon·

112 4713 173 4772 haec
185 4716 307 4792 quidem
329 4720 415 4792 ratio,
429 4740 487 4797 qua
504 4719 607 4779 ducem
623 4721 750 4799 scriptor
767 4723 900 4798 sequitur
938 4719 1008 4777 (litae
1019 4719 1197 4796 originibus,
1210 4719 1317 4778 deinde
1330 4717 1478 4796 quomodo
1489 4721 1540 4778 alii
1552 4720 1641 4778 duces
1653 4720 1725 4779 alias

112 4829 193 4868 oram
213 4813 404 4886 maritimam,
415 4813 452 4872 ab
462 4835 553 4892 eaque
565 4817 601 4874 ad
611 4816 832 4888 mediterranea,
848 4815 900 4875 ubi
938 4817 1108 4875 venationes
1128 4817 1317 4887 instituerint,
1332 4817 1364 4874 in
1382 4828 1493 4873 certum
1505 4816 1648 4892 quendam
1665 4835 1725 4874 orae

113 4907 300 4966 commodum
321 4911 425 4984 luerit,
438 4911 617 4988 digreditur,
633 4925 665 4970 11
684 4914 902 4988 simplicissima
939 4911 1036 4969 locum
1047 4911 1225 4989 appellentes
1237 4929 1274 4967 ex
1288 4927 1382 4987 eoque
1395 4912 1427 4967 in
1446 4910 1657 4968 mediterranea
1669 4929 1724 4985 pe—

114 5001 155 5058 111
185 5005 231 5062 111
260 5019 305 5064 est
339 5007 648 5069 accommodatissima.
677 5008 902 5084 Agatharchides
941 5007 1172 5077 netrantes.Qua
1186 5010 1217 5065 in
1238 5025 1341 5064 renou
1364 5006 1450 5064 modo
1467 5006 1522 5062 hoc
1537 5005 1725 5082 spectandum

113 5115 181 5154 vero
197 5099 297 5157 tritam
314 5101 393 5159 11111
414 5115 444 5158 11
467 5101 503 5160 ab
524 5103 651 5160 artificio
668 5105 791 5160 alienam
807 5103 902 5176 legere
939 5115 1011 5173 erat,
1024 5115 1055 5160 ut
1067 5105 1214 5177 regionem
1228 5101 1388 5179 elephantis
1400 5101 1607 5177 frequentatam
1622 5101 1727 5177 selige·

113 5193 218 5264 noluit,
239 5195 292 5252 sed
306 5197 348 5253 ita
361 5195 455 5254 libros
470 5195 626 5254 adornasse
642 5195 770 5268 videtur,
788 5210 820 5254 ut
833 5217 900 5274 pars
945 5208 1026 5271 rent,
1051 5195 1101 5254 sed
1118 5208 1150 5254 ut
1171 5210 1273 5274 portus
1290 5196 1377 5255 etiarn
1399 5193 1525 5253 navibus
1544 5196 1726 5275 ἐλεφαντηγοῖς

111 5303 212 5345 eorum
226 5304 302 5348 esset
314 5291 457 5350 historica
473 5293 671 5369 potiusquam
689 5291 899 5371 geographica;
945 5289 1180 5350 accommodatus
1201 5292 1232 5349 in
1252 5292 1422 5370 propinquo
1435 5302 1524 5363 esset,
1540 5301 1569 5348 et
1582 5289 1669 5348 simul
1685 5291 1726 5346 lo·
