3950 5925
214 418 286 469 δόθ’
399 430 406 445 ·
934 404 1096 463 tautam

214 532 472 608 καταλαμόσίνουσιν·
493 533 553 591 ἀλλ’
574 530 667 612 {pugni
693 528 744 609 γδιρ
769 531 994 609 καθορμιζομίνας
1038 549 1138 593 catores
1162 540 1231 609 ipsos
1250 556 1304 591 non
1320 550 1491 609 repererunt;
1511 540 1630 611 fugerant
1654 544 1729 595 enirn
1744 544 1841 595 simni-

216 623 364 687 κατῑδόντες
377 620 424 687 τὰς
444 618 513 685 νίας.
557 618 673 686 Enim
688 617 777 676 αὖτόθῑ
791 620 838 677 Οὔκ
861 620 936 691 ivit,
950 618 996 677 καὶ
1041 646 1071 681 ac
1082 645 1160 682 naves
1171 626 1329 698 appellentes
1337 626 1465 681 viderant.
1504 631 1840 685 Frumentumibinuiium

215 699 380 760 insiticiam
390 698 439 769 τὴν
455 696 579 778 στρατιὴν
594 701 608 755 δ
621 696 726 763 πολλός
739 695 808 755 άλλδι
821 687 897 775 αἶγας
910 696 996 774 ἐμόα·
1041 724 1108 778 em,
1123 723 1149 766 et
1157 714 1212 783 jam
1224 714 1337 769 ἅρματε
1350 716 1495 769 emitum
1514 718 1593 787 πμ]
1611 735 1727 770 anno.
1747 721 1837 789 wli&

214 789 320 865 λόμῐθθῑ
334 788 358 852 3⁶
377 785 425 851 τίς
443 784 516 857 νίας,
539 782 607 843 ⁰5²⁰)
622 783 653 855 δ’]
674 782 827 844 &windum-
872 787 918 863 (¹⁰)
941 782 998 845 Καί
1041 804 1125 873 Igitur
1133 804 1219 874 capris
1229 804 1256 855 in
1266 820 1345 855 navas
1355 800 1477 855 abductis
1486 814 1660 856 maesserunt.
1700 804 1841 873 (πομπάς

189 871 423 955 ιπεριπλῶσαντες
445 870 529 949 ἄκρην
553 870 657 951 ὑψηλὴν
685 870 746 930 ὅσον
767 870 929 943 πεντήκοντα
952 869 999 929 καί
1040 890 1255 961 promontorium
1268 886 1405 959 quoddam
1424 888 1507 941 altum
1524 886 1559 941 ad
1576 900 1684 943 oemum
1699 892 1840 960 quim

213 962 306 1021 ἑκατὸν
321 960 442 1025 σταδίους
457 957 603 1037 ἀνέχουσαν
618 961 643 1024 ἐς
656 958 700 1016 τὸν
715 957 824 1031 πόνων,
838 957 999 1036 κατάγονται
1041 975 1114 1043 ginta
1124 973 1207 1027 stadia
1217 975 1245 1027 in
1258 991 1330 1027 mare
1338 983 1490 1044 pometum
1501 975 1671 1029 circumvecti
1683 976 1711 1029 in
1726 989 1840 1047 pomp.

212 1052 239 1107 ίν
257 1048 344 1125 λιμίνι
358 1045 491 1124 ἀκλύστῳ·
514 1045 558 1103 καί
580 1045 650 1123 ὕδωρ
673 1046 762 1105 αὐτόθι
782 1039 829 1119 ἤν,
846 1045 892 1105 καί
912 1045 999 1112 θλιίες
1041 1078 1057 1113 a
1079 1060 1199 1131 procellis
1223 1069 1310 1112 tutum
1336 1070 1475 1113 venerunt,
1512 1060 1552 1113 lbi
1576 1071 1603 1114 et
1622 1078 1692 1131 aqna
1710 1074 1780 1127 em,
1813 1076 1842 1116 α

213 1136 303 1216 ᾤκεον·
316 1134 446 1213 Μόσαρνα
459 1132 558 1209 οὔνομα
567 1124 600 1204 ἦν
611 1137 650 1212 τῷ
659 1131 757 1209 λιμὲνῑ·
1042 1147 1184 1218 piscatores
1196 1144 1349 1199 habitabant
1361 1160 1367 1195 ι
1380 1146 1504 1199 Mosarna
1517 1148 1607 1217 portui
1619 1164 1719 1201 nomeu
1730 1160 1801 1203 erat.

253 1224 377 1285 XXVII.
408 1219 527 1281 Ἐνθένδε
549 1219 595 1277 καὶ
618 1217 726 1296 ἡγεμὼν
751 1224 799 1277 τοῦ
822 1218 904 1279 ntiae
928 1219 1000 1297 λὲγῑῑ
1077 1232 1192 1285 XXVII.
1212 1232 1282 1283 Hinc
1291 1229 1383 1283 scribit
1395 1230 1531 1283 Nearchus
1542 1230 1639 1287 ducem
1647 1234 1839 1305 navigationis,

179 1334 203 1371 ιο
215 1310 335 1389 Νέαρχος
352 1308 393 1368 ότι
412 1307 579 1367 συνέπλωσεν
595 1309 722 1380 αὐτοῖσιν,
736 1306 869 1385 Ὑδράκης
890 1305 1000 1383 οὕνομα,
1042 1318 1191 1390 Hydramia
1212 1320 1337 1381 nomine,
1359 1316 1537 1383 Gadrosium,
1552 1336 1606 1375 una
1626 1340 1688 1375 cum
1704 1324 1771 1394 ipsis
1788 1343 1840 1377 na·

214 1400 373 1479 I'ndps'soroe·
392 1395 493 1465 ὑπέστη
513 1394 541 1453 δὲ
559 1394 692 1473 Ὑδράκης
708 1395 883 1466 καταστάσειν
904 1395 998 1461 αὐτοὺς
1042 1407 1163 1475 rigasse:
1183 1404 1381 1477 pollicitumque
1397 1422 1453 1457 esse
1465 1422 1493 1457 se
1507 1404 1565 1459 ilios
1582 1424 1666 1477 usque
1676 1407 1711 1461 ad
1724 1410 1839 1463 Carma-

216 1486 295 1566 μέχρι
316 1483 484 1562 Καρμανίης.
525 1481 569 1541 Tit
583 1482 611 1539 δὲ
626 1481 679 1539 ἀπὸ
699 1482 775 1541 τοῦδε
794 1482 874 1540 οἰκότι
887 1482 997 1561 χαλεπὰ
1042 1489 1307 1545 niamdeducturum.
1345 1491 1440 1545 Omnis
1449 1490 1546 1545 abhinc
1557 1491 1689 1545 adsinnm
1700 1497 1841 1549 Pessimus

215 1562 266 1644 ἦν,
280 1569 349 1629 όλλδ
364 1569 465 1646 μᾶλλόν
477 1590 503 1626 τι
514 1566 711 1644 ὀνομαζόμενα,
722 1567 781 1626 ἔστι
791 1567 835 1626 tat
845 1567 890 1625 τόν
899 1567 999 1626 κόλπον
1042 1587 1141 1630 tractus
1153 1595 1207 1629 non
1219 1576 1332 1647 amplius
1340 1575 1454 1629 difficilis
1466 1577 1590 1646 navigata
1599 1588 1656 1631 erat
1670 1596 1678 1631 ι
1692 1578 1739 1633 scd
1752 1582 1842 1634 multo

216 1657 260 1715 τδν
269 1656 411 1737 Περσικόν.
455 1653 490 1737 (a)
502 1652 746 1735 ἜκδδΜοσαρνῶν
756 1654 847 1722 νυκτός
855 1654 1001 1739 ἐπάραντες
1043 1664 1132 1733 priore
1143 1662 1280 1716 celebrior.
1319 1662 1359 1730 (a)
1377 1663 1451 1715 Mota
1459 1661 1555 1715 deinde
1565 1674 1646 1716 noctu
1658 1683 1691 1717 ex
1703 1668 1842 1719 Mosarnis

179 1768 202 1805 ts
216 1744 333 1804 πλώουσι
346 1744 468 1811 σταδίους
482 1745 653 1809 ἑπτακοσίους
667 1742 712 1801 καί
726 1742 887 1813 πεντήκοντα
903 1746 929 1810 ἐς
942 1742 1000 1802 Βά-
1042 1747 1138 1814 classe,
1153 1750 1315 1819 septingenta
1333 1748 1522 1817 quinquaginta
1535 1747 1618 1801 stadia
1631 1753 1730 1803 emensi
1741 1752 1778 1804 ad
1790 1755 1843 1805 Ba-

216 1836 304 1909 λιυμον
325 1832 452 1911 αἰγιαλόν·
469 1831 539 1889 ἔνθεν
562 1830 590 1888 δδ
612 1833 638 1897 ἐς
655 1829 746 1909 Βάρνα
764 1830 858 1906 κώμην
879 1830 1000 1898 σταδίους
1043 1832 1143 1888 ionium
1158 1835 1229 1888 littus
1241 1834 1317 1888 delati
1329 1845 1391 1887 sunt
1407 1846 1504 1905 :atque
1518 1835 1580 1889 inde
1592 1838 1619 1889 in
1631 1840 1717 1891 Barim
1730 1842 1841 1903 neom,

216 1920 414 1999 τετρακοσίους,
425 1917 469 1977 ἵνα
478 1915 591 1999 ροίνικίς
602 1940 630 1975 τε
639 1916 732 1976 πολλοὶ
744 1918 839 1988 ἐνῆσαν
852 1917 897 1977 καὶ
908 1922 999 1987 κῆπος·
1044 1922 1134 1976 stadiis
1145 1921 1242 1977 abinde
1255 1922 1463 1994 quadringentis,
1474 1925 1501 1976 in
1514 1942 1568 1994 quo
1580 1924 1730 1995 frequentes
1741 1928 1840 1998 paim

217 2008 262 2066 καὶ
276 2012 303 2067 ἐν
312 2011 350 2086 τῷ
361 2006 439 2085 κήπῳ
449 2008 573 2087 μύρσιναι
586 2004 819 2086 ἔπερόκεσαν,καλ
831 2004 899 2063 ἄλλα
909 2004 1001 2078 ἄνθεα,
1044 2020 1128 2075 erant,
1139 2010 1272 2063 ethortus.
1310 2010 1342 2062 In
1349 2010 1427 2062 horto
1435 2011 1514 2080 myrti
1524 2010 1706 2077 nascebantur,
1716 2014 1839 2083 variique

218 2095 263 2153 ἀπ’
284 2094 350 2155 ότων
365 2094 566 2175 στεφανώματα
588 2098 634 2173 'for
654 2092 768 2170 κόμῃσιν
786 2092 935 2152 ίπλίκοντο·
955 2094 999 2150 ε’ν-
1045 2094 1133 2159 flores,
1146 2114 1161 2148 e
1175 2094 1272 2167 quibus
1286 2094 1395 2147 corollas
1411 2095 1534 2149 texebant
1548 2114 1630 2149 coma
1650 2098 1837 2167 imponendas.

176 2201 203 2237 2⁸0
216 2188 300 2243 ταῦθα
316 2186 420 2263 πρῶτον
435 2182 542 2262 δίνδρεοί
552 2118 662 2240 addidet
677 2179 779 2260 ἥμερα,
790 2179 836 2239 καί
850 2179 1001 2261 ἀνθρώπους
1044 2181 1102 2233 Hoc
1115 2182 1234 2252 primum
1252 2180 1280 2233 in
1297 2181 1355 2233 loco
1373 2181 1480 2235 arbores
1493 2180 1575 2235 cultas
1593 2182 1767 2254 hominesque
1781 2203 1838 2239 non

217 2270 344 2342 οὖπᾶνιη
358 2268 501 2349 θηριώδεας
511 2266 686 2334 ίποικίοντας.
729 2267 760 2342 (a)
773 2266 1001 2339 Ἐνθίνδιίςδιη-
1044 2267 1402 2340 omninoserosrepererunt.
1433 2268 1839 2343 (3)Indeduoentastadiapro-

103 2396 107 2406 ·
217 2357 319 2423 κοσίους
339 2356 458 2423 σταδίους
475 2354 689 2436 περιπλώσαντες
701 2352 870 2433 καταίρουσιν
892 2356 918 2419 ίς
935 2360 1000 2415 Διν·
1044 2355 1111 2407 vecti
1120 2353 1155 2407 ad
1167 2353 1341 2408 Dendrobosa
1349 2355 1522 2427 appulerunt;
1533 2374 1611 2409 naves
1623 2357 1659 2410 ibi
1669 2358 1697 2409 in
1705 2358 1761 2411 saio
1770 2360 1839 2411 sub-

217 2444 348 2525 δρόόοσα,
361 2444 406 2502 καί
416 2447 443 2502 αἱ
453 2442 506 2511 νέες
517 2442 559 2502 ίπ’
570 2442 704 2521 αἰγκυρίων
718 2443 873 2501 ἐσάλευσαν.
896 2443 928 2517 (ι)
942 2440 1002 2501 ’Er-
1044 2440 1175 2493 stiterunt·
1211 2440 1252 2509 (θ)
1264 2441 1333 2493 Hinc
1351 2441 1401 2494 11111
1418 2440 1532 2495 mediam
1548 2452 1653 2496 noctem
1665 2439 1798 2497 σοίνταῐστ
1810 2446 1839 2497 in

215 2648 267 2698 tius
280 2663 335 2698 non
347 2644 528 2698 definiendus.
550 2647 561 2713 Ι]
579 2675 615 2686 -
627 2662 651 2697 1.
663 2645 885 2715 καθυρμιζυμέυους
898 2647 931 2697 Α.
954 2646 965 2712 Ι]
980 2674 1016 2685 -
1045 2654 1176 2715 poterant,
1187 2642 1340 2697 audaciores
1360 2642 1437 2707 sorte,
1451 2642 1524 2713 quod
1535 2642 1631 2696 ducem
1648 2644 1778 2696 habebant
1799 2663 1842 2695 m·

218 2740 244 2775 a.
256 2725 460 2793 κατιδόντες]
473 2722 609 2775 siccodd.:
624 2722 716 2785 ἰδόντες
725 2721 801 2775 editt.
812 2733 873 2776 ante
880 2722 968 2775 Schm.
988 2724 1000 2792 Ι]
1046 2724 1131 2792 gionis
1138 2723 1261 2794 peritum.
1276 2747 1287 2768 ι
1298 2723 1652 2776 ExVineentoSourrmnna.
1667 2723 1841 2791 ]]-15.Βά-

214 2831 251 2841 -
263 2802 291 2855 3.
309 2801 494 2873 ίμόαλλόμινοι
509 2803 555 2855 ΑΒ
567 2812 594 2854 et
603 2820 661 2871 vgo.
688 2802 699 2871 ]]
716 2830 752 2842 -
768 2800 793 2853 5.
806 2801 907 2870 όκρην
918 2800 929 2870 ]
942 2802 960 2853 i.
976 2818 1001 2853 e.
1046 2800 1173 2871 λωμον]
1190 2799 1214 2862 ἐς
1227 2800 1357 2873 Βαλόμνον
1373 2802 1397 2853 D
1409 2812 1435 2853 et
1448 2800 1509 2853 cod.
1520 2800 1609 2865 Bodi.;
1622 2800 1738 2871 Βάλαμον
1753 2800 1837 2854 oodd.

161 2896 164 2901 ·
217 2881 310 2951 Djebel
321 2881 460 2944 Zarraim,
480 2878 557 2951 cujus
569 2882 721 2934 extremitas
737 2898 810 2934 nune
820 2890 929 2932 vocatur
940 2884 1004 2952 ¹Cap
1046 2879 1195 2935 Blancardi.
1207 2880 1311 2933 Nomen
1327 2877 1433 2933 aliunde
1446 2898 1501 2932 non
1514 2890 1618 2933 notum.
1636 2881 1774 2933 Distantiae
1787 2882 1840 2934 mi-

217 2963 354 3026 Pnssence,
363 2959 398 3014 ab
411 2958 510 3032 oppido
523 2964 659 3014 Porsenae.
669 2958 780 3018 Zaraim
792 2960 890 3012 montis
902 2978 1001 3012 nomeu
1046 2977 1107 3012 rum
1124 2960 1151 3012 in
1164 2957 1274 3012 modurn
1286 2969 1484 3028 exaggerantur.
1499 2959 1592 3014 Nama
1604 2960 1729 3013 Musarna
1737 2959 1772 3013 ad
1784 2963 1839 3013 Co-

217 3051 336 3111 supemst
346 3041 425 3094 etiam
435 3042 463 3093 in
474 3042 554 3092 fluvio
565 3041 705 3104 larundo,
717 3057 797 3111 quem
806 3039 960 3093 Ptolemaeus
969 3039 1003 3093 ab
1046 3040 1172 3111 phantem
1180 3048 1356 3092 numerantur
1367 3036 1451 3091 stadia
1469 3038 1554 3108 1750,
1571 3056 1655 3110 quum
1667 3058 1683 3092 a
1697 3043 1751 3092 Itos
1769 3043 1838 3092 Pus-

216 3137 310 3172 occasu
322 3121 510 3172 Musarnorum
523 3130 549 3171 et
571 3117 736 3172 Bodarorum
759 3119 850 3189 ponit,
873 3136 956 3188 quum
969 3137 1003 3172 ex
1046 3136 1119 3172 sance
1135 3117 1267 3190 usquead
1289 3121 1343 3171 Ros
1362 3120 1457 3189 Koppa
1475 3119 1517 3170 vix
1540 3117 1593 3172 500
1606 3119 1659 3169 sint
1672 3117 1766 3182 stadia,
1787 3137 1838 3190 pro

217 3200 314 3252 Nostro
328 3196 447 3251 iocorum
461 3199 527 3251 serie
538 3197 573 3250 ab
590 3208 652 3250 ortu
664 3197 751 3269 potius
762 3197 938 3268 promontorii
955 3215 1003 3269 po-
1047 3197 1143 3266 quibus
1163 3196 1234 3268 apud
1252 3197 1405 3260 Antinoum,
1424 3196 1470 3266 qui
1489 3193 1585 3248 sercin
1606 3194 1719 3267 duplum
1740 3215 1838 3265 augere

217 3276 321 3330 nendos
333 3275 411 3329 fuisse
426 3275 555 3341 videatur,
570 3275 698 3330 ubinunc
711 3275 847 3328 estSuduk
864 3275 969 3329 fluvius.
988 3276 999 3346 Ι]
1046 3291 1172 3327 numeros
1190 3275 1269 3340 solet,
1289 3293 1344 3327 non
1357 3273 1425 3326 ultra
1446 3291 1514 3328 tooo
1539 3271 1622 3326 stadia
1635 3277 1836 3344 exspectaveris.

217 3387 253 3397 -
268 3358 294 3409 θ.
319 3355 485 3427 Menapia]
508 3358 593 3420 ABD,
613 3357 746 3425 Μώσαρμα
760 3355 796 3419 C;
819 3372 882 3407 mox
900 3353 1003 3408 codices
1047 3357 1136 3421 Quare
1152 3353 1274 3406 distantia
1287 3363 1419 3425 quaesta
1434 3354 1500 3422 Cysa
1510 3351 1543 3404 ad
1556 3353 1679 3404 Mosarna
1690 3353 1718 3404 in
1735 3363 1836 3406 anteco.

216 3433 333 3504 praebent
346 3434 494 3503 Μοσαρνῶν.
508 3435 577 3486 Dein
591 3431 685 3504 οόνομα
701 3450 756 3485 om.
772 3434 830 3485 CD.
845 3432 925 3503 Apud
943 3434 1004 3486 Pto-
1047 3430 1153 3495 omissa,
1173 3433 1200 3484 in
1214 3432 1256 3485 his
1280 3433 1408 3497 numeris,
1424 3433 1578 3502 nescioquo
1597 3449 1697 3495 errore,
1716 3449 1838 3502 compre-

217 3513 395 3577 lemaeumVI,
409 3515 461 3566 8et
471 3510 636 3565 Marcianum
646 3515 716 3582 p.l.1
730 3510 804 3564 iocus
815 3521 924 3562 vocatur
934 3510 1003 3562 Mod·
1047 3507 1128 3562 hensa
1148 3529 1203 3563 esse
1227 3510 1341 3564 videtur.
1372 3511 1497 3580 11-16.
1523 3511 1647 3582 Βάρνα]
1671 3509 1747 3564 Idem
1764 3511 1838 3565 lours

218 3610 310 3661 σαρνα,
326 3593 372 3662 qui
389 3589 535 3644 secundum
548 3591 717 3644 Ptolemaeum
729 3588 763 3642 ad
775 3606 827 3657 9⁰0
841 3587 935 3653 stadia,
948 3607 1002 3642 seo.
1046 3588 1188 3642 Ptolemaeo
1201 3600 1228 3642 et
1239 3591 1374 3648 Marciano
1388 3600 1427 3642 est
1440 3589 1537 3660 Βάδαρα
1549 3589 1589 3642 vel
1603 3589 1709 3659 Βόδαρα,
1725 3591 1834 3642 secund

217 3669 382 3721 Marcianum
405 3670 473 3722 1300
490 3669 573 3722 stadia
592 3669 671 3722 distat
692 3669 726 3721 ab
742 3667 848 3720 Kalami
866 3667 957 3719 fluvio.
972 3669 1004 3720 In
1048 3667 1116 3720 Ptol.
1127 3667 1160 3720 ad
1175 3668 1223 3720 125
1242 3667 1334 3734 stadia,
1347 3686 1400 3722 sec.
1416 3670 1500 3720 Marc.
1519 3668 1571 3721 300
1589 3666 1672 3720 stadia
1683 3669 1837 3720 aMosarnis

217 3750 315 3801 Nostro
324 3747 546 3818 distantiaaCysa
555 3766 609 3801 non
620 3759 737 3810 notatur,
746 3764 831 3817 quum
841 3747 902 3798 satis
911 3764 1004 3815 magna
1048 3742 1156 3798 distans.
1182 3745 1257 3801 idem
1270 3745 1371 3818 Βάλαρα
1387 3757 1496 3799 vocatur
1516 3763 1559 3816 ap.
1577 3745 1764 3799 Phiiosuatum
1779 3748 1833 3798 vii.

219 3828 263 3889 sit,
275 3835 367 3879 contra
380 3827 408 3878 in
423 3844 481 3896 sqq.
494 3844 510 3878 a
522 3827 646 3880 Mosarna
658 3825 692 3878 ad
702 3824 867 3896 Cophantem
875 3823 1005 3878 distantia
1048 3825 1135 3894 Apoll.
1151 3827 1202 3888 111,
1215 3825 1258 3890 56,
1272 3825 1318 3878 ubi
1329 3824 1422 3878 eadem
1436 3823 1490 3877 sere
1503 3823 1627 3893 leguntur
1638 3842 1698 3894 quae
1709 3825 1837 3879 Amianus

219 3915 347 3958 notantur
365 3904 432 3958 adeo
453 3915 621 3974 exaggerata,
636 3914 667 3957 ut
681 3904 715 3956 ab
728 3903 801 3956 omni
817 3904 918 3956 ratione
934 3921 1005 3956 rece·
1047 3901 1127 3955 habet
1145 3921 1152 3956 ι
1177 3903 1350 3974 Παραπλεΰσαί
1372 3923 1430 3974 ρασι
1448 3903 1488 3956 καλ
1503 3901 1623 3973 Βαλάροις
1642 3903 1801 3974 (masmar
1815 3907 1834 3974 )·

218 3982 292 4035 dant.
305 3981 456 4036 Secundum
470 3983 612 4036 Arrianum
626 3983 751 4034 Mosarna
764 3982 813 4033 sita
825 3990 899 4033 erant
912 3980 946 4034 ab
963 3999 1006 4032 oc·
1049 3979 1165 4052 δμπόριον
1175 3982 1198 4034 δ’
1209 3979 1274 4035 εἶναι
1285 3981 1316 4035 cd
1325 3981 1425 4053 Βάλαρα
1437 3981 1525 4052 μεστόν
1540 3987 1660 4053 μυρρινῶν
1671 4001 1697 4034 τε
1709 3982 1750 4034 καί
1763 3983 1838 4052 poni-

218 4080 280 4114 casu
293 4062 478 4132 promontorii,
495 4059 625 4130 siquidem
636 4060 797 4131 περιπλῶσαι,
810 4076 865 4111 non
875 4058 1005 4129 παραπλεῖν-
1048 4079 1109 4126 κων,
1126 4062 1168 4114 καὶ
1181 4062 1270 4132 δάρνας
1288 4060 1313 4114 ἓν
1326 4060 1393 4132 αὐτῷ
1411 4059 1472 4112 idaia
1491 4060 1534 4113 καλ
1546 4063 1637 4131 πηγαῖς
1648 4062 1798 4131 διαρρεῖσθαι
1808 4061 1836 4114 r'o

218 4159 259 4192 σαι
272 4140 299 4192 id
312 4139 446 4194 Nearchus
456 4138 563 4191 dicitur.
576 4139 670 4192 Nullus
678 4149 765 4191 tamen
777 4137 814 4190 ibi
829 4148 921 4208 portus
934 4155 1005 4190 nunc
1048 4139 1150 4208 χωρίον·
1166 4141 1269 4206 κῆπσιδ’
1279 4139 1366 4192 δπόσοι
1375 4138 1481 4210 τρωκτολ
1491 4141 1534 4192 καὶ
1544 4139 1631 4193 ὁπόσαι
1642 4138 1733 4192 ἀνθέων
1744 4143 1833 4204 κῆποι·

217 4230 297 4272 notus
308 4231 362 4284 est3
378 4229 471 4272 contra
481 4236 544 4271 vem
560 4237 576 4271 a
590 4218 670 4272 borea
684 4218 859 4288 promontorii
879 4220 1005 4269 Porsenae
1050 4219 1129 4288 βρύειν
1144 4217 1203 4272 atat
1215 4217 1257 4270 καλ
1274 4218 1375 4288 λιμένας
1392 4219 1494 4290 μεστοὺς
1512 4217 1623 4291 γαληνης
1640 4217 1665 4271 ἔν
1680 4216 1747 4289 αι’ντῷ
1759 4217 1833 4271 εἶναι.

218 4298 291 4351 loeus
299 4300 401 4368 est,qui
409 4315 500 4350 nunca
508 4297 696 4350 mercatoribus
706 4296 894 4366 frequentatur.
902 4297 1004 4347 Vereor
1048 4299 1118 4351 Situs
1131 4297 1204 4351 iocus
1218 4297 1295 4351 fuerit
1314 4298 1347 4350 ad
1360 4297 1423 4350 hod.
1439 4301 1494 4350 Itos
1507 4298 1629 4350 ίῖόεηιααί
1641 4295 1753 4351 Brmder.
1769 4298 1780 4366 1]
1799 4329 1836 4338 -

218 4396 280 4430 cum
298 4377 436 4430 Gossciino
449 4395 483 4428 ue
501 4374 566 4446 quid
577 4377 605 4428 iu
625 4375 731 4429 Arriani
750 4375 900 4426 narratione
915 4373 1004 4426 turba·
1051 4394 1094 4446 19.
1109 4380 1179 4449 τῇσι
1199 4377 1314 4449 κόμῃσι
1326 4377 1337 4447 ]
1350 4379 1407 4447 τῇσι
1422 4377 1520 4449 κώμῃσι
1534 4379 1570 4440 L;
1588 4381 1643 4449 τῇσι
1655 4376 1833 4448 αωμητῃσιῦς

219 4467 275 4508 tum
300 4457 344 4508 sit.
370 4457 495 4508 Errorem
518 4453 706 4524 Kampthornii
721 4453 767 4524 qui
792 4453 916 4504 Mosarna
937 4451 1001 4504 hod.
1047 4457 1115 4508 τοῖσι
1126 4455 1253 4526 κωμητῃσι
1264 4455 1407 4519 ABC;em.
1420 4454 1615 4519 Schmiederus‚
1625 4453 1743 4508 addens:
1756 4456 1835 4506 «Mos

118 4549 121 4554 ·
219 4533 322 4587 Gnade!
334 4552 389 4586 asse
400 4543 485 4604 putat,
495 4533 577 4585 verbo
589 4549 747 4585 memorasse
755 4530 863 4583 suflicit.
1048 4532 1192 4587 coronandi
1208 4534 1306 4587 Graecis
1330 4535 1444 4586 maxime
1463 4533 1578 4586 solennis
1599 4543 1668 4598 erat,
1689 4544 1715 4586 et
1737 4533 1833 4594 credo,

255 4613 343 4677 XVII,
361 4629 403 4666 ιο.
421 4609 597 4681 Ὑδράκης]
611 4608 686 4663 Idem
699 4608 753 4662 sere
768 4627 865 4661 nomen
879 4619 1004 4679 tanquam
1048 4631 1132 4684 quum
1152 4622 1212 4684 post
1228 4623 1266 4666 tot
1281 4613 1396 4665 miserias
1413 4614 1527 4684 primam
1548 4613 1683 4682 regionem
1698 4611 1835 4666 cultiorem

220 4690 294 4742 fluvii
304 4691 449 4743 Carmania
458 4690 574 4743 occurrit
585 4687 656 4759 apud
664 4689 831 4740 Marcianum
839 4687 858 4740 l.
872 4687 891 4739 1.
905 4698 931 4739 et
941 4695 1006 4740 Am·
1049 4703 1075 4746 et
1094 4693 1171 4746 flores
1195 4701 1221 4744 et
1244 4702 1359 4762 myrtum
1375 4693 1572 4764 conspicerent,
1598 4709 1652 4762 prae
1672 4690 1769 4761 gaudio
1790 4709 1836 4742 eos

220 4771 340 4824 mianum
351 4771 453 4835 XXIII,
465 4773 491 4832 6,
502 4771 547 4832 48,
558 4766 603 4822 ubi
616 4765 776 4840 Hydriacca(
786 4763 942 4821 Caudriaoes
951 4783 1004 4820 sec.
1049 4789 1160 4825 coronas
1177 4770 1226 4824 sibi
1246 4769 1345 4823 secisse.
1370 4771 1538 4824 Similiimum
1562 4769 1713 4842 exemplum
1734 4769 1793 4822 vide
1808 4770 1834 4822 in

221 4851 311 4921 Ptol.)
326 4849 390 4903 flur.
403 4856 574 4902 memoratur.
593 4849 604 4918 Ι]
616 4864 702 4901 -ιι,
713 4847 858 4917 Γαδροόσιος
870 4848 928 4900 LD.
943 4847 954 4914 Ι]
970 4875 1006 4886 -
1049 4849 1151 4922 Exped.
1174 4850 1209 4915 V,
1224 4865 1250 4914 a,
1268 4849 1294 4901 8.
1307 4850 1402 4904 Narrat
1420 4850 1456 4903 ibi
1471 4853 1609 4916 Arrianus,
1623 4849 1680 4912 τοδς
1693 4849 1836 4910 Μακεδόνας

224 4947 265 4982 12.
289 4929 320 4984 τά
338 4928 386 4983 δὲ..
405 4927 504 4999 χαλεπά
521 4931 553 4983 Α.
570 4928 582 4995 ΙΙ
595 4957 632 4969 -
649 4931 692 4991 td.
711 4926 843 4997 νυκτός]
862 4948 873 4975 ι
895 4928 1007 4995 Propter
1049 4927 1120 5000 apud
1129 4925 1323 4998 Νρεττοεῆδέως
1340 4928 1383 4981 τδν
1402 4919 1486 4982 κισσόν
1504 4928 1613 4994 ἰδόντας,
1628 4924 1712 4993 niati
1729 4925 1768 4980 διδ
1788 4946 1835 4998 μα·

221 5019 329 5062 ventum
341 5019 423 5062 noctu
440 5018 537 5061 aterm
550 5009 692 5078 spirantem
710 5005 843 5059 discedere
856 5015 1007 5077 poteranta
1048 5005 1267 5078 κροῦόρθέντα,...
1293 5008 1423 5078 στεφάνους
1441 5006 1587 5080 σπουδῇότ’
1606 5006 1680 5060 aizoi
1694 5007 1834 5070 ποιεῖσθαι,

220 5087 309 5150 litore;
321 5097 429 5158 propter
441 5086 548 5139 boream
566 5088 594 5138 in
606 5085 659 5138 aito
671 5085 813 5156 spirantem
825 5095 851 5137 et
870 5094 1007 5154 tempesta·
1049 5085 1082 5148 ὣς
1094 5085 1136 5138 καί
1147 5087 1345 5156 στεραυώνασθαι
1361 5085 1433 5156 εἶχον
1443 5097 1493 5139 ete.
1509 5112 1521 5133 ι
1535 5087 1546 5154 Ι]
1562 5116 1597 5128 -
1608 5101 1651 5137 aa.
1665 5084 1722 5138 dev
1730 5083 1835 5154 δρόόο-

222 5177 275 5218 tem
288 5183 406 5219 serenam
423 5176 505 5218 noctu
525 5176 620 5236 prater
635 5164 713 5218 litora
732 5163 779 5217 sed
798 5164 886 5236 paullo
903 5164 1006 5234 longius
1050 5166 1109 5236 σα]
1125 5165 1162 5218 εἰσ
1179 5167 1272 5219 ABCD
1285 5175 1312 5218 et
1327 5165 1387 5220 ood.
1410 5164 1498 5230 uodt.;
1517 5165 1677 5236 δενδρώόυσα
1692 5162 1767 5218 editt.
1781 5165 1832 5232 Ap.

222 5261 303 5315 quam
312 5242 448 5314 hucusque
458 5245 578 5298 consueti
586 5255 672 5309 erant,
690 5244 876 5314 sinepericuio
885 5245 1007 5315 navigare
1049 5243 1219 5298 Ptolemaeum
1243 5253 1405 5298 memoratur
1431 5243 1503 5297 iocus
1527 5242 1687 5314 depascimini
1709 5243 1720 5312 (
1739 5241 1832 5314 Δεράνη
