3950 5925
252 394 365 439 isam
450 335 458 425 '-
898 366 1202 429 rnoseoounua.

251 530 392 601 Meropis,
416 538 447 579 at
465 526 633 593 Dionysius,
658 517 787 591 itemque
804 515 881 573 inter
903 526 1036 573 auctores
1077 513 1134 572 bus
1149 511 1332 570 Characenus
1346 510 1396 568 ille
1412 509 1535 585 Augusti
1549 508 1635 586 jussu
1658 509 1757 567 omnia
1771 528 1863 566 anno·

252 621 324 680 libri
338 619 433 697 quinti
449 627 662 694 componuntur
683 617 834 686 Dionysius
846 623 876 669 et
886 611 1032 687 Ephorus:
1079 621 1205 679 taverat,
1217 619 1342 666 nontam
1352 604 1430 664 hunc
1438 606 1521 682 sequi
1533 623 1619 680 quam
1627 602 1733 662 Iubam
1743 618 1773 662 et
1782 624 1866 661 arum

254 735 358 774 verum
378 713 428 772 hic
444 710 604 787 Dionysius
625 720 740 766 nonest
758 706 976 765 recentissimus
987 705 1037 763 ille
1081 704 1220 763 Romana.
1236 703 1279 759 Ac
1289 721 1358 760 saue
1369 700 1442 759 nihil
1453 701 1512 758 fere
1521 700 1666 759 Plinianis
1678 700 1769 771 inest,
1782 699 1864 776 qnod

255 811 330 869 situs
341 807 423 866 orbis
433 820 576 865 terrarum
589 816 703 873 auctor,
716 801 767 860 sed
779 800 939 877 Dionysius
951 799 1037 857 Chal·
1080 820 1146 859 cum
1176 798 1317 857 Isidoreis
1343 797 1379 855 de
1403 796 1523 854 Parthia
1550 796 1695 874 excerptis
1727 796 1865 873 componi

254 902 392 973 sidensis,
408 899 527 959 Κτίσεων
541 897 667 975 scriptor
681 896 774 954 astatis
789 895 938 974 Ephoreae.
952 893 1037 963 Quod
1081 894 1189 973 possit,
1200 906 1233 951 ut
1248 893 1322 952 alios
1333 892 1481 949 Romanus
1491 890 1618 967 scriptor
1630 890 1717 947 duces
1728 890 1869 947 habuisse

254 1011 350 1056 autem
371 995 508 1055 nonnulli
527 1005 668 1072 putarunt
680 993 854 1069 Dionysium
872 991 962 1049 Plinii
976 1010 1039 1049 esse
1082 1002 1229 1068 appareat.

254 1095 421 1171 periegeten
435 1094 522 1151 istum
541 1090 626 1167 cujus
644 1108 760 1147 carmen
778 1087 919 1146 habemus
934 1106 1038 1165 super·
1126 1104 1191 1157 127.
1208 1083 1352 1140 Hactenus
1364 1078 1470 1139 deloco
1483 1080 1632 1145 Plinii.In
1640 1079 1785 1139 Parthicis
1795 1099 1869 1136 vero

254 1203 331 1265 stes,
346 1202 374 1246 et
388 1208 473 1265 quem
487 1188 609 1261 Augusti
622 1198 703 1269 aetate
715 1183 827 1242 vixisse
844 1183 962 1259 quidam
974 1201 1039 1239 cre·
1085 1180 1288 1239 mansionibus
1302 1198 1391 1255 quum
1406 1178 1514 1235 mentio
1526 1178 1574 1234 fiat
1583 1176 1721 1251 Tigranis
1734 1177 1868 1234 Armenii

254 1274 1040 1361 dideruntprodenteEustathio:idtantumnonabsur·
1083 1278 1132 1353 (p.
1148 1276 1235 1350 2505
1258 1273 1312 1349 6),
1335 1286 1363 1330 et
1383 1271 1543 1349 Euphrates
1562 1271 1670 1329 fluvius
1688 1270 1866 1328 Parthorum

254 1378 323 1436 dum
338 1391 391 1437 est.
413 1375 485 1433 Num
505 1374 596 1431 Plinii
618 1372 798 1450 praeconium
813 1372 846 1427 in
866 1371 952 1427 istum
972 1388 1040 1444 geo·
1084 1372 1340 1447 Romanorumque
1360 1368 1487 1427 ditiones
1515 1368 1697 1426 disterminet
1723 1370 1782 1445 (p.
1807 1371 1869 1435 aas

255 1472 399 1549 graphum
417 1490 478 1528 non
499 1468 592 1539 cadit,
617 1479 703 1543 atque
726 1468 790 1543 ipse
810 1464 971 1540 Dionysius
992 1474 1039 1544 [v.
1083 1470 1133 1545 Sl.
1150 1491 1165 1541 7
1180 1468 1200 1545 l,
1217 1480 1295 1546 patet
1306 1466 1451 1525 Isidorum
1462 1464 1595 1543 Pompeji
1611 1464 1794 1542 temporibus
1803 1484 1867 1523 esse

258 1569 316 1639 708
328 1587 390 1644 sqq·
403 1568 412 1643 )
426 1584 574 1641 nunquam
587 1582 618 1621 se
631 1560 882 1634 viditseressiones
891 1557 1041 1617 Parthicas
1084 1566 1285 1643 posteriorem.
1299 1562 1324 1619 T
1326 1563 1469 1621 erminum
1482 1562 1565 1619 illum
1580 1564 1732 1639 utriusque
1743 1563 1871 1639 imperio

258 1664 375 1740 latetur,
388 1676 417 1719 et
428 1662 549 1720 omnino
564 1680 582 1717 a
594 1657 764 1734 longinquis
780 1654 938 1713 itineribus
956 1655 1041 1713 navi·
1086 1662 1175 1720 fuisse
1196 1658 1318 1736 Augusti
1335 1669 1417 1716 aetate
1439 1670 1560 1716 constat.
1576 1656 1669 1733 Gajus
1690 1656 1870 1723 Caesareum

257 1757 486 1833 611101151811118
514 1755 660 1824 alienum,
686 1751 749 1809 ⁵0¹⁰
772 1750 920 1808 Mllfflllm
943 1749 1042 1807 afflatu
1086 1758 1259 1815 Parthorum
1271 1756 1378 1831 regein
1387 1754 1483 1812 insula
1497 1752 1763 1831 Euphratiscoivit,
1774 1754 1870 1811 utrin-

258 1865 350 1910 terras
367 1851 535 1928 explorasse
551 1848 686 1905 affirmat.
701 1844 812 1901 Contra
823 1863 894 1902 vero
918 1844 982 1902 fieri
993 1864 1043 1921 po·
1085 1871 1142 1929 que
1151 1864 1244 1910 stante
1256 1851 1326 1909 hinc
1339 1848 1483 1919 Romano,
1496 1848 1579 1907 illinc
1589 1848 1725 1905 Parthico
1737 1848 1871 1906 exercitu

258 1948 314 2005 tuit
328 1959 360 2004 ut
371 1944 513 2005 librarius
524 1942 643 2023 quidam
665 1940 860 2019 Dionysium,
875 1952 1042 2017 utpoteno-
1086 1947 1232 2025 (Velleius
1244 1947 1283 2019 Il,
1301 1967 1351 2005 ror
1365 1944 1387 2025 )

258 2043 403 2102 tissimum
431 2043 550 2102 serioris
581 2041 636 2098 aevi
665 2036 837 2096 hominibus
861 2036 1043 2113 periegeseos
1129 2046 1195 2101 128.
1214 2042 1248 2101 In
1267 2042 1325 2099 alia
1340 2040 1497 2119 Euphratis
1516 2038 1612 2097 Insula
1626 2037 1724 2117 (nunc
1744 2040 1829 2095 Koha
1844 2040 1867 2114 ),

259 2150 419 2198 auctorem.
436 2136 535 2195 desuo
550 2154 628 2213 penu
645 2135 677 2193 in
689 2132 796 2192 Isidori
811 2132 908 2187 locum
927 2130 1042 2188 suffice·
1087 2139 1218 2198 isidorus
1242 2140 1288 2216 (p.
1306 2138 1376 2207 248,
1392 2137 1414 2195 l.
1433 2136 1491 2213 12)
1513 2135 1645 2193 narravit
1665 2154 1764 2209 gazam
1780 2134 1872 2194 fuisse

260 2246 313 2292 ret.
326 2232 378 2292 Sin
389 2234 485 2311 ipsum
502 2231 633 2289 Plinium
654 2229 794 2286 memoria
807 2225 925 2296 teieliit,
940 2226 1042 2284 sortas-
1088 2232 1215 2313 Φραάτου
1229 2238 1272 2291 τοῦ
1290 2229 1486 2309 ἀποσφάξαντας
1504 2228 1550 2295 τὰς
1561 2228 1739 2301 παλλακίδας,
1754 2228 1793 2287 ὅτι
1813 2234 1870 2300 Tg.

196 2318 200 2325 ⁶
259 2328 300 2385 sis
321 2330 417 2385 animo
450 2325 514 2403 ejus
541 2323 751 2383 obversabatur
779 2340 888 2384 nomen
908 2320 1044 2397 Dionysii
1088 2329 1192 2406 priuis-ae
1205 2325 1285 2407 φυγὰς
1297 2325 1332 2383 ὢν
1344 2323 1568 2384 εἰσέὸαλενΛΙωο
1578 2337 1705 2383 nostram
1716 2325 1752 2382 de
1763 2324 1872 2382 lsidori

259 2441 345 2498 quem
366 2422 466 2500 paullo
493 2434 558 2479 ante
579 2421 626 2496 (s.
645 2440 679 2476 ar
695 2418 703 2497 l
718 2418 833 2477 dixerat
852 2439 869 2476 a
887 2415 1044 2477 Ptolemaeo
1088 2436 1168 2483 aetate
1179 2422 1536 2491 sententiameverterent‚
1552 2420 1663 2478 sirecte
1677 2420 1873 2496 deiisdispu·

260 2516 453 2596 Philadelpho
477 2518 508 2576 in
532 2515 645 2575 Indiam
667 2516 787 2574 missum
805 2514 896 2574 simili
911 2516 1045 2577 decausa
1088 2531 1162 2577 taret
1176 2518 1343 2576 Dodwellus
1361 2518 1421 2593 (De
1435 2518 1545 2573 Isidoro
1560 2516 1724 2571 Characeno
1736 2515 1767 2571 in
1779 2514 1872 2574 llutls.

260 2626 348 2689 atque
359 2612 504 2671 Isidorum
514 2613 662 2688 Augustus
674 2612 705 2669 in
720 2612 818 2669 Asiam
833 2611 950 2687 legavit.
1087 2615 1196 2689 Geogr.
1211 2628 1281 2674 tom.
1294 2613 1333 2683 II,
1344 2634 1375 2690 p.
1392 2615 1429 2671 60
1438 2612 1459 2685 l.
1475 2612 1584 2681 a‘Erat,
1598 2610 1705 2687 inquit,
1720 2609 1775 2667 sub
1783 2610 1808 2667 T
1811 2609 1872 2668 ibe·

304 2710 370 2766 126.
384 2709 576 2785 llaecigitursi
588 2708 895 2794 rectedisputavimus,
904 2708 940 2767 de
946 2716 1046 2784 patria
1088 2710 1186 2781 herio,
1215 2723 1277 2768 erat
1301 2711 1388 2768 etiam
1413 2707 1467 2767 sub
1489 2707 1603 2765 Nerone
1626 2705 1795 2777 Teridates,
1819 2707 1873 2782 qui

261 2803 348 2863 slmul
368 2817 397 2861 et
420 2818 505 2861 aetate
534 2802 642 2861 Isidori
665 2802 739 2860 bene
760 2815 914 2860 constaret.
940 2802 1044 2861 videa·
1089 2826 1179 2884 quum
1203 2807 1302 2883 priore
1326 2805 1442 2863 idemne
1468 2803 1570 2873 suerit,
1593 2802 1736 2859 incertum
1762 2815 1815 2861 est.
1835 2803 1875 2857 At

261 2918 326 2959 111115
340 2912 483 2968 1119111811
503 2898 665 2957 ineandem
678 2897 850 2957 sententiam
866 2898 1043 2976 conspirent·
1068 2890 1173 2983 ¹prior
1192 2904 1242 2963 ille
1263 2916 1341 2962 certe
1363 2915 1426 2959 erat
1447 2901 1483 2959 de
1497 2898 1582 2979 cujus
1603 2899 1670 2975 suga
1692 2897 1748 2956 hoc
1760 2898 1792 2956 in
1804 2898 1874 2955 loco

261 2996 376 3056 Plinius
390 2998 411 3055 l.
428 2999 449 3055 l.
473 2997 671 3056 Characenum
697 3016 781 3054 sunm
803 2996 877 3054 dicit
904 3009 1045 3054 terrarum
1090 3002 1265 3060 mentionem
1284 3001 1351 3058 iecit
1365 2998 1505 3058 Isidorus.
1524 2998 1559 3055 Et
1575 2998 1670 3074 lugam
1685 2997 1760 3055 hanc
1775 3017 1820 3054 an.
1834 2997 1870 3053 U.

262 3092 344 3152 orbis
370 3095 445 3153 situs
467 3106 613 3152 auctorem
632 3099 857 3150 recentissimam.
880 3090 960 3150 Idem
975 3112 1047 3151 vero
1089 3117 1115 3153 c.
1132 3091 1207 3172 789,
1223 3107 1290 3174 post
1309 3094 1378 3154 Chr.
1392 3113 1439 3151 ttn.
1466 3093 1502 3150 36
1519 3106 1660 3152 memorat
1679 3106 1735 3150 tam
1751 3091 1873 3150 Tacitus

158 3261 165 3272 Ι
254 3186 297 3258 -V,
315 3188 394 3245 stet
420 3188 457 3262 39
470 3186 577 3245 Isidori
597 3206 746 3273 mensuras
762 3199 900 3263 tanquam
918 3199 1047 3246 recentes
1089 3211 1175 3269 quam
1194 3193 1281 3249 etiam
1301 3191 1357 3248 llio
1372 3190 1469 3268 primo
1488 3189 1682 3248 eParthiaiu
1706 3189 1873 3266 llIesopota-

261 3282 386 3358 opponit
396 3282 541 3340 mensuris
552 3295 694 3340 veterum·
705 3280 778 3339 Nam
790 3283 830 3338 ita
843 3279 931 3338 habel
942 3280 976 3353 V,
990 3282 1027 3338 38
1039 3303 1045 3337 =
1090 3289 1191 3359 miam,
1200 3301 1260 3346 tum
1269 3287 1376 3346 deinde
1385 3306 1400 3344 e
1408 3286 1653 3364 Illesopotamiaiu
1662 3283 1788 3362 Syriam,
1800 3284 1873 3341 Par-

263 3378 347 3433 Chiar
359 3384 476 3434 circuita
491 3380 604 3436 CXXV
616 3398 654 3434 m.
663 3399 707 3452 p,
723 3391 872 3433 atveteres
883 3378 1043 3433 tradidere:
1090 3383 1178 3441 thiam
1193 3381 1344 3440 obtinente
1357 3381 1504 3440 Te1·idatis
1518 3380 1622 3438 aemtrlo
1637 3378 1793 3438 Artabano.
1815 3379 1873 3435 Sed

262 3473 446 3527 isidorasIX
449 3475 546 3530 adicit.
557 3484 586 3530 et
594 3469 628 3544 V,
638 3473 676 3547 39
690 3492 696 3526 ι
711 3471 783 3530 Tota
794 3474 887 3526 insula
897 3469 907 3546 (
918 3469 1045 3548 Lesbus)
1089 3477 1258 3554 nequidem
1280 3477 1376 3550 fugam
1402 3476 1482 3533 illam
1498 3488 1579 3534 aetate
1601 3493 1654 3532 sua
1674 3473 1762 3532 fuisse
1775 3475 1875 3530 innuit

261 3573 450 3637 armataque
459 3570 594 3638 Isidorus,
609 3567 772 3623 CLXVIII
782 3586 875 3640 m.p.,·
886 3577 918 3621 at
928 3580 1042 3634 veteres,
1090 3570 1231 3631 Isidorus.
1258 3570 1338 3628 Nihil
1364 3590 1434 3646 ergo
1454 3569 1593 3628 habemus
1621 3580 1749 3645 quotum
1762 3568 1875 3625 vixisse
1964 3639 1965 3642 Ἴ

266 3660 321 3733 ι95
337 3681 375 3716 m.
390 3681 424 3734 p.
437 3659 556 3718 Veteres
576 3660 622 3717 illi
636 3672 703 3718 sunt
721 3659 926 3718 Timosthenes
939 3673 968 3716 et
978 3658 1048 3717 Era·
1091 3666 1236 3725 Isidorum
1245 3678 1295 3724 aut
1307 3665 1459 3742 scripsisse
1468 3665 1649 3738 colligamus.
1660 3688 1673 3715 s
1686 3695 1726 3706 -
1738 3661 1875 3719 Dodwel.

262 3753 411 3810 tosthenes
432 3765 462 3810 et
477 3752 694 3825 Artemidorus,
712 3772 750 3811 ex
772 3773 832 3831 quo
847 3755 878 3811 in
893 3754 1045 3812 nonnullis
1090 3760 1134 3818 lus
1148 3760 1238 3836 igitur
1251 3759 1288 3819 de
1300 3779 1336 3818 eo
1350 3760 1486 3818 'Teridate
1501 3759 1624 3834 cogitari
1635 3757 1709 3829 vult,
1722 3777 1808 3842 quem
1822 3759 1877 3814 Ti·
1964 3743 1965 3746 Ἰ

263 3847 391 3925 pendere
408 3846 553 3906 Isidorum
575 3869 611 3906 ex
632 3850 801 3924 fragmentis
815 3849 974 3924 colligitur.
997 3849 1046 3907 Sic
1091 3853 1190 3914 berius
1203 3854 1330 3926 Parthis,
1344 3851 1381 3911 ab
1392 3855 1498 3912 Arsace
1507 3851 1573 3910 xlx
1583 3852 1646 3910 sire
1657 3851 1802 3910 Artabano
1816 3851 1873 3926 Ill,

262 3944 300 4001 de
319 3945 394 4002 Asiae
411 3944 564 4003 latitudine
577 3944 615 4002 ab
629 3945 732 4003 ultima
748 3945 873 4024 AEgypto
896 3965 987 4023 usque
1010 3946 1045 4003 ad
1091 3948 1156 4006 viro
1182 3949 1355 4021 saevissimo,
1381 3947 1564 4016 abalienans,
1585 3965 1681 4022 regem
1705 3945 1800 4012 dedit,
1822 3946 1875 4003 sed

263 4039 400 4112 Tanaim,
411 4054 440 4100 et
448 4041 484 4100 de
495 4039 619 4120 Europae
628 4042 942 4117 longitndineaTanai
953 4061 1046 4119 usque
1090 4046 1144 4104 vix
1166 4045 1291 4123 imperio
1315 4046 1440 4122 potitum
1468 4043 1632 4102 Artabanus
1650 4061 1715 4100 cum
1744 4043 1875 4098 exercitu

263 4137 300 4196 ad
327 4138 423 4197 Gades
451 4159 517 4197 cum
539 4139 722 4224 Artemidoro
741 4138 878 4219 Isidorus
903 4141 1047 4198 consentit
1090 4143 1209 4200 adortus
1226 4143 1259 4199 in
1279 4141 1393 4217 Syriam
1410 4139 1497 4217 ejecit
1519 4138 1632 4218 (Tacit.
1651 4139 1728 4196 Ann.
1744 4135 1795 4208 vt,
1825 4145 1875 4204 It.

264 4238 349 4312 (up.
365 4235 422 4292 255
436 4236 472 4292 sr.
489 4236 526 4293 23
536 4247 565 4293 et
577 4236 735 4311 at);cum
748 4235 850 4294 eodem
871 4236 939 4293 lacit
950 4235 987 4293 de
1006 4237 1063 4312 la·¹
1092 4239 1148 4296 nio
1169 4238 1250 4296 Cass.
1269 4237 1372 4308 LIIIII,¹
1397 4235 1467 4313 26).
1491 4239 1527 4292 At
1547 4248 1647 4294 nostro
1666 4235 1731 4292 loco
1756 4253 1815 4291 non
1839 4233 1876 4290 de

265 4329 390 4387 titudine
404 4327 487 4387 orbis
501 4341 662 4401 terrarum,
674 4330 732 4387 nisi
746 4329 825 4406 quod
841 4321 1047 4388 Artemidorus
1092 4335 1250 4403 Artabano,
1270 4331 1320 4390 sed
1331 4330 1367 4388 de
1381 4333 1508 4387 Phraate
1524 4349 1620 4388 sermo
1631 4341 1684 4386 est.
1697 4327 1799 4405 Itaque
1815 4347 1875 4384 non

264 4425 449 4482 solummodo
463 4425 500 4484 ad
507 4423 631 4484 Tanaim
645 4445 738 4502 usque
745 4426 889 4484 mensuris
903 4427 964 4483 suis
977 4445 1047 4502 pro·
1092 4429 1179 4487 uideo
1194 4448 1253 4505 quo
1266 4445 1312 4485 res
1323 4427 1469 4503 pertinere
1483 4427 1576 4503 possit
1588 4425 1645 4483 nisi
1659 4425 1696 4483 ad
1702 4423 1875 4499 Tiridatem,

265 4539 380 4595 gressus
398 4534 457 4592 est,
481 4522 622 4580 ulteriora
646 4521 829 4598 incomperta
849 4522 1046 4594 existumans,
1092 4524 1145 4600 qui
1158 4522 1275 4581 Arsacis
1290 4520 1338 4578 XV
1352 4521 1416 4579 sive
1431 4521 1562 4580 Phraatae
1573 4519 1612 4579 IV
1623 4519 1781 4597 imperium
1790 4519 1876 4576 inva-

181 4642 183 4645 ·
266 4615 399 4675 Isidorus
417 4635 521 4675 veroa
537 4617 631 4676 Tanai
652 4617 688 4675 ad
707 4617 822 4676 Thulen
844 4620 950 4689 achacia
972 4617 1048 4675 1250
1092 4630 1179 4689 serat,
1191 4617 1297 4676 deinde
1309 4617 1432 4673 veroab
1446 4634 1480 4674 eo
1491 4615 1630 4693 expulsus
1642 4615 1783 4692 (cir-caan.
1797 4622 1834 4681 at
1848 4632 1876 4673 a.

266 4714 372 4780 stillio,
392 4724 426 4769 ut
446 4712 540 4770 refert
556 4712 686 4785 Plinius,
716 4713 767 4789 qui
791 4711 872 4769 addit
890 4711 965 4769 banc
985 4731 1048 4770 esse
1092 4711 1185 4788 Chr.)
1201 4711 1399 4770 Romanorum
1417 4729 1472 4787 ope
1483 4728 1656 4788 recuperare
1669 4726 1791 4784 regnum
1809 4725 1877 4783 spe-

266 4815 454 4879 conjecturam
476 4810 662 4867 divinationis.
683 4807 769 4876 Quod
782 4806 808 4864 si
825 4820 880 4878 est,
895 4819 973 4864 certe
986 4827 1046 4865 non
1093 4806 1186 4864 rabat.
1201 4805 1307 4863 Eadem
1316 4817 1359 4862 est
1371 4803 1513 4863 sententia
1523 4802 1721 4862 Santi-Crucii
1736 4801 1767 4859 in
1784 4804 1877 4860 Me'm.

267 4901 375 4960 Isidori
389 4916 451 4960 erat
471 4903 653 4985 conjectura,
679 4903 730 4962 sed
753 4903 886 4980 Pytheas,
906 4923 991 4979 quem
1016 4903 1048 4961 in
1092 4903 1251 4958 deIAcacI.
1269 4913 1289 4957 t.
1308 4899 1332 4956 I.
1348 4920 1376 4978 p.
1394 4921 1441 4974 79.
1457 4899 1525 4956 Ilaec
1542 4899 1633 4974 igitur
1654 4899 1747 4976 ipsius
1767 4896 1879 4955 Isidori

267 4997 321 5055 hac
335 5017 367 5056 re
377 4998 480 5058 Noster
502 5013 617 5058 secutus
634 5013 696 5072 est,
711 5000 799 5059 sicuti
812 5000 935 5057 eundem
951 5000 1049 5076 sequi·
1094 5009 1175 5054 aetate
1197 5007 1374 5066 evenerunt,
1391 4993 1499 5068 viginti
1514 4992 1608 5052 tribus
1625 4993 1683 5051 lere
1695 4991 1778 5050 anuis
1797 5003 1879 5048 ante·

267 5094 356 5150 turin
371 5094 539 5153 definiendo
557 5093 669 5154 ambitu
682 5095 848 5154 Britanniae.
865 5093 1049 5153 minuenti·
1094 5111 1180 5168 quam
1196 5089 1332 5148 Parthica
1346 5109 1397 5148 sua
1409 5088 1615 5149 conscriberet.
1706 5115 1708 5120 ·

270 5186 336 5243 nius
351 5187 423 5245 dicit
434 5207 465 5245 se
479 5189 509 5246 in
524 5187 724 5248 describendis
734 5187 922 5266 regionibus,
936 5187 972 5246 de
984 5189 1050 5264 qui-
1138 5208 1203 5260 ¹²9·
1220 5187 1306 5256 Quod
1317 5187 1353 5244 de
1367 5187 1532 5259 Artemitis,
1548 5205 1640 5263 graeco
1652 5183 1880 5264 Apolloniatidis
