3950 5925
139 431 166 507 9
832 426 1032 489 renierus.
1705 445 1745 495 τι

136 562 226 643 Ἁδρίᾳ.
269 561 434 642 Παράπλουι
454 560 528 641 παρὰ
538 558 586 632 τὴν
603 559 740 639 Ἰαπυγίαν
755 558 782 629 ἓξ
802 563 909 639 ἡμερῶν
954 569 1265 641 Praeternavigatiojuxta
1273 588 1347 624 oram
1358 573 1469 643 Iapygia
1481 582 1521 627 est
1532 572 1634 627 dierum
1646 592 1692 629 ser
1701 578 1745 644 (et

134 651 175 709 aui
186 649 216 718 ἓξ
236 652 348 711 νυκτῶν.
391 648 441 710 Ἐν
458 650 486 707 δὲ
498 673 531 729 τη
548 646 672 728 Ἰαπυγίᾳ
684 650 798 705 οἰκοῦσιν
809 644 916 720 Ἕλλη·
954 658 1072 710 noctium
1083 674 1128 711 sex
1137 660 1158 727 ).
1173 659 1204 711 In
1216 658 1322 729 Iapygia
1335 676 1398 710 vero
1409 658 1528 713 habitant
1539 660 1639 725 Gari,
1652 660 1745 713 urbes·

136 762 190 815 νες,
205 737 253 796 καί
266 737 355 805 πόλεις
369 738 435 796 eisin
448 734 521 795 αίδε·
535 735 704 816 Ἡράκλειον,
723 734 915 807 Μεταπόντιον,
954 762 1007 815 que
1020 762 1114 797 eorum
1127 754 1189 799 sunt
1201 746 1260 799 he:
1278 746 1411 811 Heraclea,
1425 749 1634 818 lrletapontium,¹
1643 750 1746 802 Taron-

132 826 221 906 Τιίρας
235 825 372 901 solimis
386 825 496 905 Ὑδροῦς
509 824 553 885 tut
566 826 605 905 τῷ
616 828 663 883 τοῦ
679 821 780 903 Ἀδρίου
791 819 810 893 ἥ
820 824 915 902 τῷτοῦ
954 841 1012 883 tum
1025 841 1052 883 ct
1066 828 1237 912 ilydruntum
1250 842 1341 902 portus
1353 832 1380 885 in
1399 849 1445 885 ore
1459 834 1531 901 sinus
1548 833 1674 887 Adriatici
1691 836 1745 887 siro

132 912 226 973 Ἰονίου
237 915 337 973 κόλπου
351 912 476 991 στόματι.
955 917 1034 970 Ionii.

131 1177 162 1227 E.
173 1176 253 1229 Gros.
264 1173 287 1247 ).
295 1177 373 1228 Unus
383 1176 464 1245 igitur
470 1186 550 1229 restat
558 1174 676 1227 Straboi.
689 1174 708 1237 i,
718 1175 764 1244 qui
776 1186 917 1245 postquam
958 1169 984 1223 ἔν
995 1170 1021 1223 δὲ
1031 1170 1110 1242 τούτῳ
1119 1176 1154 1243 τῷ
1164 1170 1261 1225 ἔθνει...
1276 1172 1421 1235 Πιυιιετιεῖς.
1437 1174 1447 1241 ll
1459 1202 1495 1213 -
1517 1172 1712 1245 Ἱίριίαλειον
1737 1181 1746 1243 ]

132 1253 290 1324 desipunte
309 1257 421 1307 Daunias
434 1254 535 1326 oppido
545 1253 665 1318 dixerat,
675 1256 777 1324 pergit:
791 1252 917 1305 Δείκνυται
961 1252 1055 1303 ceteris
1068 1261 1108 1303 est
1124 1248 1266 1321 Ἡράκλεια.
1288 1252 1411 1305 Similiter
1423 1256 1438 1320 ς
1457 1258 1491 1305 66
1512 1254 1672 1307 Macedoniae
1685 1254 1748 1307 urbs

132 1332 321 1397 δὲτῆςΔαιινίας
334 1333 390 1403 περὶ
404 1333 493 1402 λόφον,
509 1329 532 1403 ᾧ
548 1333 629 1402 ὄνομα
639 1332 722 1402 Δρίον,
734 1330 813 1403 ἡρῷα,
826 1330 856 1383 τίν
874 1330 917 1402 μὲν
958 1347 1018 1400 quas
1036 1328 1092 1383 aliis
1107 1330 1240 1395 Heraclea,
1253 1330 1351 1401 Scylaci
1362 1330 1518 1384 Heracleum
1537 1344 1654 1387 vocatur.
1674 1336 1749 1404 Iapy-

132 1411 311 1481 tanqum,
327 1412 357 1464 τὸ
368 1411 395 1464 δὲ
409 1412 579 1482 Ποδαλειρίου.
593 1413 663 1465 Hinc
672 1411 706 1464 de
714 1413 769 1464 situ
781 1410 854 1463 collis
863 1430 919 1463 cer·
957 1410 1005 1477 gire
1015 1407 1079 1461 urbs
1097 1408 1203 1480 Olymp.
1218 1411 1263 1473 84,
1277 1412 1303 1471 4.
1319 1410 1369 1471 433
1381 1408 1487 1463 condita
1501 1430 1516 1463 a
1531 1412 1690 1475 Tarentinis,
1701 1415 1747 1481 qni

131 1494 182 1545 tius
190 1492 258 1544 nihil
269 1490 381 1544 delinire
390 1492 459 1545 linet.
478 1490 530 1545 Sed
542 1491 667 1545 &ciamus
677 1490 771 1543 collem
783 1490 919 1543 cohaesisse
957 1488 1021 1539 Siris
1031 1486 1121 1558 oppidi
1137 1487 1235 1540 incolas
1246 1498 1273 1539 ct
1283 1489 1406 1558 proprios
1414 1488 1522 1541 colonos
1531 1508 1563 1542 eo
1575 1488 1750 1545 traduxerunt

129 1589 190 1623 cum
199 1572 319 1640 Gargani
331 1572 429 1623 montis
437 1588 512 1623 ramo
524 1570 612 1640 aliquo
625 1569 763 1623 meridiem
775 1586 864 1621 versus
874 1588 920 1641 pa-
960 1566 970 1637 (
990 1564 1102 1619 Diodor.
1115 1568 1177 1631 xit,
1196 1567 1240 1630 36,
1257 1568 1287 1630 3;
1305 1566 1400 1619 Strabo
1412 1568 1461 1630 VI,
1475 1585 1502 1637 p.
1525 1572 1576 1631 νι64
1594 1566 1615 1639 ).
1629 1568 1749 1620 Herodo-

129 1660 221 1703 tente:
238 1667 321 1703 nemo
337 1660 426 1703 tamen
444 1649 627 1719 indecolligat
637 1668 717 1720 quem
726 1649 815 1702 collem
825 1649 919 1703 Strabo
958 1646 1106 1716 tuslvllI,
1126 1646 1176 1718 tia)
1191 1646 1260 1699 Sirin
1274 1643 1362 1698 adbuc
1376 1658 1519 1711 memomt;
1530 1647 1660 1701 Heracleas
1674 1666 1747 1702 men·

128 1729 205 1795 dicit,
213 1729 331 1783 eundem
340 1730 466 1799 aScylaoe
472 1730 525 1782 dici
534 1732 667 1799 ingentem
677 1730 755 1782 istum
767 1730 920 1797 Garganum
960 1726 1059 1777 tionem
1067 1742 1196 1795 nusquam
1205 1723 1297 1794 injicit.
1312 1724 1322 1791 ΙΙ
1336 1754 1372 1765 -
1387 1722 1544 1795 Ἡροῦς]
1555 1724 1644 1795 Ὕδρος
1653 1726 1745 1780 codex.

127 1808 568 1879 montemquiadtrigintastadia
586 1810 851 1879 inmareprocurrit.
870 1810 920 1861 Cui
962 1806 1021 1873 4-
1046 1803 1097 1857 tut
1119 1810 1161 1875 τῷ
1179 1807 1233 1856 τοῦ
1260 1801 1388 1872 ’Δδρίον
1404 1804 1419 1869 ἢ
1437 1810 1472 1877 τῷ
1493 1808 1550 1857 τοῦ
1577 1803 1703 1857 Ἰονίου
1720 1828 1746 1859 κ,

128 1890 252 1959 opinioni
268 1906 412 1941 nenomen
423 1888 532 1958 quidem
547 1888 624 1942 levet,
640 1890 709 1942 Nam
722 1887 796 1941 collis
813 1888 855 1941 ille
866 1907 921 1941 non
960 1900 1006 1933 οτ.
1021 1887 1031 1951 ]
1046 1881 1173 1937 Adriatici
1192 1884 1272 1935 maris
1294 1883 1437 1935 terminum
1459 1882 1492 1935 ad
1513 1884 1678 1951 Garganum,
1702 1885 1748 1937 ubi

126 1966 758 2038 dplesv,seddplorandit.1⁴2tnelr0eoerruptum
767 1978 919 2039 &sepum
960 1962 1043 2031 Hyria
1054 1960 1126 2026 urbs,
1138 1978 1199 2013 cum
1211 1962 1309 2014 Nostro
1322 1962 1396 2031 pouit
1406 1962 1549 2031 Dionysius
1562 1962 1624 2031 379,
1636 1980 1683 2015 neo
1695 1983 1749 2017 non

126 2065 191 2099 nam
200 2058 234 2099 ut
246 2046 278 2099 τὶν
290 2047 358 2117 δρίαν
369 2058 396 2100 οι
406 2046 437 2099 τ“ο
448 2048 514 2117 δρίος
521 2046 640 2110 dicitur,
660 2048 699 2099 sic
710 2048 791 2099 etiam
807 2058 920 2113 montes,
960 2039 1116 2095 Ptolemaeus
1125 2043 1173 2103 ΙΙΙ,
1186 2058 1210 2105 ι,
1220 2058 1247 2111 p.
1264 2040 1461 2108 175,18Wilb.
1477 2042 1636 2093 [etronnius
1646 2046 1750 2096 I’oe'mes

126 2127 228 2196 quibus
237 2126 303 2179 binc
314 2145 412 2181 nomen
419 2137 468 2191 est,
475 2136 522 2179 aut
530 2128 615 2197 Δρίον,
625 2137 655 2180 ut
663 2144 707 2197 ap.
719 2126 842 2179 strabon.
857 2126 875 2178 l.
888 2125 919 2191 l.‚
958 2122 1046 2186 geogr.
1061 2138 1089 2191 p.
1105 2137 1165 2189 197,
1177 2120 1260 2171 nostri
1278 2119 1329 2171 loci
1349 2120 1483 2171 mentione
1495 2118 1576 2184 iacta,
1587 2130 1661 2172 notat
1671 2122 1727 2175 baec
1741 2138 1749 2175 :

125 2216 174 2257 aut
186 2206 272 2276 Δρίος,
289 2216 320 2259 ιιι
335 2206 407 2277 apud
417 2205 568 2259 Diodorum
581 2208 630 2271 IV,
645 2208 689 2270 50,
703 2210 718 2268 4
730 2216 758 2257 οι
773 2201 817 2268 51,
831 2209 858 2269 4,
877 2224 923 2258 vo-
961 2199 1008 2251 Cet
1022 2210 1116 2253 auteur
1124 2198 1202 2251 etend
1214 2199 1237 2251 ie
1247 2216 1309 2251 nom
1322 2197 1356 2250 de
1370 2217 1424 2249 nter
1442 2197 1712 2269 Adriatiqnejusqu'it
1726 2202 1750 2255 la

126 2285 454 2339 cantur.'(ktcrumverba
462 2285 575 2356 Scylacis
583 2284 747 2355 deGargaoo
757 2284 923 2353 intelligenda
961 2278 1019 2331 cote
1031 2278 1174 2349 d’lapygie.
1187 2278 1238 2331 J'ai
1253 2296 1286 2331 eu
1298 2278 1419 2331 occasion
1432 2276 1466 2329 de
1479 2294 1633 2347 remarquer
1643 2280 1750 2333 allieurs

125 2382 184 2417 ase
198 2362 320 2417 dubitari
330 2366 433 2435 nequit,
455 2365 573 2436 [am-m
591 2376 701 2418 montem
719 2368 872 2431 Garganum
882 2364 923 2417 di.
963 2357 971 2428 l
989 2358 1198 2411 lleclremlrersur
1210 2356 1310 2409 Dicuil.
1326 2374 1353 2429 p.
1379 2357 1427 2425 173
1445 2374 1502 2427 sqq.
1517 2356 1539 2429 ),
1553 2374 1605 2427 que
1616 2377 1646 2411 oe
1660 2377 1750 2415 noma

126 2455 198 2496 serte
208 2443 389 2496 dicitSersius
395 2443 430 2497 ad
436 2444 513 2512 Virg.
523 2444 584 2497 AEn.
592 2445 643 2507 tx,
652 2448 713 2514 247.
722 2445 825 2496 Nomen
834 2454 923 2497 autem
961 2440 1003 2490 etti
1015 2439 1221 2509 primitirement
1235 2434 1347 2491 borneis
1362 2436 1387 2487 la
1404 2438 1488 2506 partie
1508 2437 1710 2507 septentrionale
1725 2452 1751 2494 ct

127 2524 157 2573 in
165 2522 276 2593 Peripio
285 2521 480 2575 restituendum
491 2520 622 2575 indicatur
630 2521 743 2592 eoquod
750 2521 784 2575 ad
793 2522 923 2575 borealem
962 2534 1107 2587 moyeone,
1120 2528 1207 2587 etque
1216 2516 1239 2569 id
1248 2534 1311 2569 nom
1322 2513 1356 2567 de
1367 2514 1435 2585 golse
1446 2516 1533 2567 ionien
1545 2515 1680 2571 s'etendait
1693 2518 1751 2589 plus

128 2603 249 2671 Gargani
262 2614 366 2672 partem
376 2600 426 2654 init
435 2602 500 2655 urbs
513 2602 607 2655 Urium
619 2601 733 2673 (Strabo
744 2604 793 2664 Vl,
809 2620 837 2673 ρ,
848 2605 899 2665 ο84
913 2604 922 2675 y
961 2614 996 2649 au
1008 2596 1076 2649 nord
1095 2612 1101 2648 ι
1124 2598 1253 2667 Scymnus
1269 2593 1302 2649 de
1313 2594 1381 2647 Chio
1402 2594 1410 2665 (
1431 2596 1492 2659 368,
1513 2594 1558 2647 ubi
1579 2596 1672 2667 vide),
1693 2600 1749 2668 qui,

128 2682 185 2733 sive
200 2681 270 2733 Uria
283 2680 372 2751 (Ptin,
384 2684 435 2745 111,
452 2681 503 2753 ¹7)
520 2683 575 2734 slve
588 2682 701 2751 Hypium
718 2680 728 2751 (
743 2681 854 2733 Prolem,
869 2684 922 2747 ΠΙ,
962 2674 1028 2727 dans
1041 2694 1068 2727 sa
1081 2675 1255 2745 composition
1274 2675 1407 2744 poetique,
1430 2672 1568 2745 mproduit
1589 2675 1751 2746 quelqueiois

133 2777 159 2812 1.
171 2762 288 2831 Dionys.
298 2763 359 2813 Per.
373 2762 425 2830 379
434 2761 455 2833 ),
463 2772 542 2831 etque
552 2760 628 2813 sutus
641 2760 721 2813 Urius
732 2760 817 2831 (Mela
827 2762 864 2824 11,
875 2764 890 2823 4
901 2761 921 2831 )
962 2754 1008 2807 des
1020 2756 1125 2807 notions
1136 2753 1188 2807 sort
1197 2754 1348 2816 tracienses,
1356 2750 1446 2805 donne
1458 2752 1547 2805 Ιαοόιο
1554 2752 1600 2805 des
1610 2754 1751 2809 Ombriens

132 2840 193 2891 Fuit
206 2841 290 2892 mam
302 2839 383 2893 altera
401 2838 521 2909 ejmdeir.
532 2840 648 2893 nominis
658 2838 722 2891 urbs
731 2841 759 2891 in
772 2838 924 2892 meditem·
962 2852 1031 2904 pour
1043 2832 1147 2887 iimiteir
1158 2832 1341 2903 l'Adriatique.
1352 2835 1383 2885 Je
1394 2834 1502 2903 persiste
1511 2832 1526 2885 ir
1535 2834 1620 2887 croire
1629 2852 1681 2904 quo
1690 2836 1752 2890 l’ex·
1773 2868 1778 2881 ·

132 2919 189 2970 neis
200 2919 334 2989 Iapygiae,
347 2936 428 2989 quam
446 2917 536 2989 Οὐρίαν
553 2928 631 2971 vocat
646 2917 741 2972 Strabo
758 2920 807 2982 Vl,
820 2935 847 2989 p.
860 2922 922 2985 282,
962 2915 1065 2967 tension
1078 2912 1111 2966 dc
1124 2931 1225 2967 cenom
1240 2923 1279 2966 est
1288 2911 1340 2965 due
1352 2910 1400 2966 aila
1414 2911 1551 2966 fondation
1563 2912 1629 2967 dela
1639 2917 1752 2972 seconde

137 2993 222 3067 Ὑρίαν
237 2997 392 3050 Herodotus
400 3000 450 3063 lV,
465 3017 510 3066 99.
521 2999 583 3062 VII,
598 3015 649 3065 ¹7⁰
660 2997 721 3068 (Cf.
732 2997 837 3050 Mulier.
852 2997 921 3050 Min.
964 2993 1045 3046 Adria
1055 3011 1102 3064 par
1113 2996 1211 3063 Donys.
1224 2993 1250 3045 Si
1265 2992 1288 3044 le
1302 3003 1387 3062 temps
1397 3002 1423 3044 ot
1439 2991 1548 3062 l'espaoe
1558 2992 1752 3065 melopermel.

131 3093 160 3144 p.
173 3096 210 3146 99
230 3075 252 3148 ).
274 3075 345 3129 Illud
367 3095 430 3130 vero
448 3078 561 3147 Hyrium
582 3078 694 3147 Iapygiae
714 3077 856 3128 terminum
869 3095 925 3128 esse
964 3077 1054 3137 taient,
1062 3073 1090 3143 je
1100 3073 1228 3126 taicberais
1237 3071 1357 3124 d'ctablir
1364 3069 1617 3142 qucladescription
1626 3073 1672 3127 des
1681 3078 1752 3130 cotes

131 3154 210 3208 chris
233 3155 322 3208 vorbis
341 3157 413 3208 mnit
431 3157 573 3225 Dionysius
587 3157 656 3224 379:
678 3155 744 3224 φῦλά
757 3155 779 3207 τ’
802 3154 924 3225 Ἰηπύγων
962 3153 997 3205 de
1016 3153 1106 3206 i'ltalie
1115 3151 1181 3204 daris
1196 3161 1271 3204 notre
1283 3150 1385 3220 Periple
1401 3161 1440 3204 est
1454 3152 1663 3204 unrisumedes
1681 3158 1753 3225 prin·

133 3236 305 3305 τετανυσρένα
318 3236 389 3306 μέσφ’
406 3232 500 3305 Ὗρίοιο
510 3234 645 3305 Παραλίης,
662 3232 755 3306 Ὕρίου,
766 3236 820 3286 etti
829 3236 926 3304 σύρεται
963 3234 1056 3303 cipaux
1069 3231 1127 3282 faits
1139 3230 1346 3300 geograpbiques
1358 3230 1495 3298 consignes
1503 3229 1569 3282 dans
1584 3230 1620 3282 les
1632 3231 1752 3286 histoires

136 3312 230 3384 Ἇόριᾶς
250 3314 320 3385 ἅλμη
341 3314 437 3366 Πόντον
458 3313 483 3376 te
504 3312 653 3384 ἇνχίιτορον.
674 3313 840 3382 Jungcndam
864 3333 924 3366 cum
963 3310 997 3364 dc
1008 3311 1180 3380 Theopompo
1189 3318 1215 3360 ct
1244 3307 1387 3378 d'Ephore.
1402 3333 1412 3352 ι
1428 3306 1508 3377 Apud
1518 3310 1679 3378 antiquiores
1690 3317 1753 3366 scri·

132 3395 207 3448 bisce
219 3395 297 3448 urbis
306 3397 433 3465 sinusque
449 3393 603 3446 nominibus
624 3392 927 3463 ’ripiovemontcmrette
963 3399 1053 3461 ptores
1073 3406 1171 3440 nomen
1192 3389 1266 3440 sinus
1286 3387 1369 3440 Ionici
1389 3403 1443 3438 non
1462 3385 1543 3438 modo
1567 3390 1649 3457 magis
1672 3408 1752 3460 quam

129 3475 186 3544 jam
197 3474 379 3545 Mannertus(
395 3477 445 3537 IX,
457 3491 485 3538 a,
500 3491 528 3544 p.
542 3472 596 3544 23)
614 3475 725 3526 censuit.
739 3477 779 3526 Ac
792 3472 926 3526 nescioan
964 3480 1054 3539 pqstea
1069 3485 1157 3520 versus
1177 3466 1366 3536 septentriones
1380 3464 1538 3535 pertinebat,
1554 3465 1599 3518 sod
1619 3471 1753 3538 usquead

134 3565 210 3606 setus
221 3572 323 3608 nomen
332 3555 477 3606 etiamnum
490 3553 602 3624 supersit
614 3553 642 3607 iu
651 3555 741 3607 Monte
752 3552 927 3618 ornamento
964 3550 1088 3602 intimum
1099 3549 1172 3600 sinus
1183 3563 1324 3610 recessum,
1340 3543 1407 3598 adeo
1419 3555 1448 3597 ut
1467 3555 1537 3597 totus
1552 3547 1625 3600 sinus
1641 3548 1683 3602 itte
1693 3567 1753 3620 pars

133 3635 207 3684 enirn
225 3649 313 3684 unum
333 3649 365 3683 ex
380 3632 519 3702 precipuis
535 3632 650 3700 Gargani
672 3629 822 3694 verticibus,
839 3632 927 3683 nescio
964 3640 1031 3682 essct
1042 3630 1120 3682 maris
1130 3628 1208 3679 lonii.
1219 3627 1262 3678 Sic
1272 3627 1407 3678 Hecataeus
1421 3627 1502 3677 istros
1511 3635 1537 3677 et
1551 3626 1671 3679 Canticos
1681 3628 1754 3682 babi-

134 3727 292 3778 quemnam,
312 3719 477 3780 nuncupant.
489 3708 539 3762 Sed
549 3710 600 3762 boc
611 3719 671 3761 utut
679 3719 729 3772 est,
740 3707 927 3762 nuilusdubito
965 3716 1031 3760 tasse
1041 3706 1121 3758 relert
1130 3704 1154 3758 ἐν
1165 3710 1200 3775 τῷ
1213 3702 1316 3774 Ἰονίῳ
1327 3701 1428 3774 ailitem
1438 3703 1475 3754 sic
1482 3703 1624 3774 Dionysius
1632 3709 1665 3760 Α.
1675 3709 1752 3760 Rom.
1762 3769 1769 3779 Ι

134 3791 203 3857 quin
218 3807 265 3860 ap.
277 3789 412 3860 Scyiaoem
423 3789 606 3860 reponendum
622 3791 656 3841 sit
669 3788 787 3858 Ὠρίωνα,
802 3789 874 3858 (quod
890 3790 927 3842 sa·
963 3788 989 3850 l,
999 3789 1044 3850 28,
1055 3785 1099 3838 ubi
1112 3784 1238 3836 Hellanici
1251 3784 1427 3838 opinationem
1439 3781 1548 3834 reddere
1554 3781 1752 3852 jureoensctur,

135 3868 234 3921 cilliane
248 3869 318 3923 abiit
335 3871 362 3922 in
382 3867 487 3938 Ἀρίονα,
508 3868 661 3940 sicutapnd
680 3869 823 3921 Firmicum
848 3869 928 3922 Orion
965 3864 1099 3918 dictumst
1110 3864 1212 3928 Σπινῆτι
1222 3859 1389 3932 ποταμῷ(αά
1400 3859 1567 3914 Padiostium
1576 3863 1752 3938 Spineticum)

135 3946 331 4002 sidusvocatur
339 3948 425 4000 Arion
438 3947 547 4018 (Ideler,
564 3947 929 4020 UrsprnngdrrSternnamrn
966 3944 992 3997 ἐν
1015 3950 1050 4014 τῷ
1075 3943 1186 4013 Ἰονίῳ
1215 3942 1309 4012 aditam.
1334 3940 1429 3994 Adrias
1443 3941 1516 3992 sinus
1537 3941 1578 3992 bis
1592 3946 1755 4013 temporibus

135 4041 164 4095 p.
180 4042 235 4094 219
254 4027 276 4096 ).
298 4025 531 4095 Quemadmodum
550 4030 622 4080 enirn
643 4045 705 4080 cuin
726 4027 808 4097 Hyria
822 4029 929 4082 Bonitiae
966 4024 1070 4076 nonnisi
1082 4024 1175 4090 exigua
1189 4020 1309 4091 quaedam
1319 4021 1392 4072 sinus
1403 4019 1487 4070 lonici
1500 4021 1637 4088 particula,
1651 4041 1709 4092 <quar
1721 4027 1754 4078 ad

136 4104 205 4156 urbe
226 4107 374 4159 arctissime
391 4104 500 4174 junctus
519 4117 576 4160 erat
594 4107 672 4159 beros
685 4106 796 4177 Orion(
823 4104 928 4176 ’θαρίων
966 4103 1048 4172 ipsam
1064 4100 1173 4154 Adriam
1186 4099 1278 4152 urbem
1290 4099 1452 4166 fluviumque
1462 4096 1606 4167 adjacebat.
1620 4101 1687 4152 Nam
1704 4103 1756 4156 hoc

137 4180 247 4234 Pindar.
265 4193 293 4236 et
306 4183 458 4236 Callimacb.
471 4183 491 4255 ),
504 4184 543 4236 sic
553 4184 622 4236 idem
635 4184 669 4238 de
682 4185 794 4255 Iapygiae
804 4187 869 4238 urbe
879 4199 929 4240 sta·
966 4199 1045 4234 ⁵⁰⁰⁵ss
1059 4183 1207 4233 Hevaiaeffltt
1218 4197 1261 4249 ap-
1275 4178 1364 4247 Stepb.
1384 4193 1390 4228 ἱ
1406 4175 1486 4246 ’napta
1498 4177 1569 4237 πόλις
1580 4178 1622 4230 καὶ
1637 4182 1693 4249 παρ’
1712 4181 1756 4232 αὖ·

137 4261 389 4331 tuasprobabiliter.
404 4264 472 4315 Nam
484 4274 579 4334 praeter
594 4265 731 4316 Cretenses
745 4263 783 4315 rel
798 4265 930 4318 insulanos
967 4259 1012 4325 τὴν
1031 4260 1122 4320 κόλπος
1139 4258 1230 4328 'bittit
1250 4257 1293 4309 καὶ
1310 4256 1419 4326 ποταμὸς
1438 4255 1539 4324 ὁμοίως,
1561 4256 1594 4317 ὥς
1614 4255 1753 4326 Ἑκαταῖος,

138 4339 180 4391 rel
192 4340 319 4393 Crissaeos
334 4342 413 4394 etiam
427 4343 533 4394 Bouttos
550 4343 578 4394 in
589 4343 722 4413 Iapygiam
741 4343 881 4410 migrasse,
899 4365 931 4397 ae
967 4338 1164 4408 intelligendum
1174 4357 1228 4390 csse
1241 4347 1311 4406 patet
1321 4355 1352 4388 ex
1365 4334 1470 4404 reliquis
1481 4337 1592 4388 Hecataei
1605 4335 1755 4405 fragmentis

138 4421 296 4490 Messapiam
322 4422 476 4490 aMessapo
495 4423 589 4474 Boeoto
609 4439 707 4474 nomen
734 4422 832 4474 babere
851 4425 931 4478 tradit
967 4419 1050 4472 modo
1061 4419 1153 4482 allatis,
1164 4428 1242 4487 atque
1253 4412 1314 4467 inde
1325 4412 1398 4484 quod
1413 4431 1498 4483 neque
1511 4415 1661 4468 Herodotus
1672 4437 1756 4489 nequo

137 4499 235 4551 Strabo
245 4501 296 4564 tx,
307 4517 335 4570 p.
350 4499 414 4562 405.
428 4499 470 4552 Cf.
480 4499 606 4570 Stephon.
621 4503 684 4570 Byr.
697 4520 720 4552 s.
733 4520 757 4553 ν,
771 4501 928 4568 ίίίεοσάντιονς
966 4497 1136 4569 Thucydides
1149 4505 1247 4548 norunt
1267 4495 1356 4545 sinum
1369 4491 1543 4546 Adriaticum.
1564 4494 1676 4564 Scylacis
1694 4515 1757 4548 veni

138 4578 248 4630 Mulier.
262 4578 280 4631 Ι.
296 4579 315 4631 ί.
329 4581 423 4643 Porro,
438 4589 468 4631 ut
478 4580 563 4634 Orion
577 4581 604 4632 in
615 4579 729 4632 Siciliam
745 4583 828 4645 venit,
843 4582 931 4653 ibique
968 4589 1042 4632 aetate
1053 4595 1135 4648 quum
1147 4593 1243 4627 nornen
1254 4574 1305 4626 lioc
1310 4573 1365 4643 jam
1377 4588 1459 4641 usque
1472 4571 1505 4624 ad
1515 4573 1665 4642 Garganum
1678 4579 1760 4646 perti-

138 4658 238 4710 Zanclo
252 4659 307 4728 regi
318 4668 425 4730 portum
436 4659 566 4711 exstruxit
580 4660 724 4728 ingensque
738 4658 859 4712 Pelorum
870 4680 931 4732 pro-
967 4667 1051 4720 nerct,
1067 4653 1187 4708 nondum
1206 4664 1292 4706 tamen
1308 4651 1516 4718 distinguebatur
1528 4650 1597 4704 inter
1611 4655 1715 4706 Ionium
1730 4666 1757 4706 ct

138 4739 305 4790 montorium
318 4738 408 4807 posuit
418 4736 428 4807 (
438 4736 546 4789 Hesiod.
558 4755 601 4808 ap.
614 4737 727 4790 Diodor.
741 4739 790 4801 lV,
801 4739 857 4810 85)
873 4759 879 4794 :
894 4743 931 4794 sic
968 4736 1134 4791 Adriaticum
1148 4737 1246 4796 sinum,
1257 4731 1302 4784 scd
1314 4731 1463 4801 promiscue
1477 4739 1590 4800 utroque
1603 4734 1755 4787 nominenti

138 4816 235 4869 similia
251 4816 287 4870 dc
306 4818 432 4886 Gargano
447 4817 631 4887 promontorio
644 4818 729 4870 Boeoti
747 4817 842 4870 accolae
858 4819 932 4873 sabu-
968 4816 1079 4878 iicebat;
1095 4814 1121 4866 id
1141 4814 1212 4866 cuim
1233 4822 1259 4864 et
1283 4821 1371 4862 noster
1393 4809 1465 4860 locus
1483 4809 1578 4879 probat
1592 4823 1618 4864 et
1634 4811 1756 4866 disertius

139 4895 185 4947 lati
198 4895 530 4949 luerintliaecbactenus.
545 4897 715 4949 fernande
728 4897 931 4968 ansbitu,quem
969 4897 1048 4948 etiam
1069 4898 1143 4962 527,
1160 4891 1228 4944 nbi:
1249 4890 1277 4942 rb
1292 4888 1390 4942 δίαίντίι
1415 4883 1505 4957 Ἀδρίας
1526 4889 1577 4942 ἔστι
1598 4891 1639 4942 καί
1657 4890 1753 4954 ἸόνιοςΔ

138 4976 253 5046 Iapygiae
262 4975 355 5047 Scylax
370 4975 478 5038 tribuit,
488 4974 523 5027 ci.
535 4976 660 5046 Polybius
669 4977 772 5039 ittet,
784 4977 799 5028 3
812 4994 818 5028 ;
833 4971 861 5042 ἧς
874 4977 882 5048 (
893 4998 929 5032 se.
969 4973 1072 5042 Quodsi
1085 4969 1270 5041 Bernlmrdyus
1284 4968 1317 5022 ad
1332 4970 1410 5020 Dion.
1428 4985 1454 5038 p.
1473 4969 1523 5030 548
1539 4970 1604 5021 nibil
1620 4971 1659 5022 liis
1674 4973 1757 5025 irmsse

139 5058 184 5118 τῆς
200 5053 349 5126 Ἰαπογίας)
363 5056 522 5126 ,διῃρημένης
535 5053 568 5115 είς
586 5057 651 5124 τρεῖς
667 5055 815 5124 ὀνομασίας,
828 5056 931 5110 καὶτῶν
970 5062 1046 5124 putat
1055 5050 1128 5122 qnod
1138 5048 1263 5102 recedata
1278 5047 1406 5100 sententia
1415 5046 1550 5098 Strabonis
1564 5047 1571 5118 (
1584 5049 1645 5112 Vll,
1654 5067 1680 5119 p.
1694 5051 1754 5103 316.

141 5133 186 5201 μὲν
207 5134 463 5204 remesses-coptam
479 5133 600 5194 Amilos,
626 5136 697 5199 ίτῶν
717 5133 743 5185 δὲ
763 5133 932 5204 ίίευκετίων,]
969 5135 1006 5195 ΙΙ,
1016 5149 1041 5202 p.
1054 5131 1114 5201 123)
1126 5130 1290 5198 aliorumque
1300 5127 1540 5198 posteriornm,qui
1553 5130 1656 5181 lonium
1670 5132 1755 5182 sinum

141 5216 192 5262 τῶν
207 5212 407 5278 &Alassenses
422 5213 435 5279 4
451 5243 487 5251 -
502 5217 542 5281 τῷ
568 5210 764 5280 ἈὂρίρῙΡονι
779 5212 834 5264 baec
854 5215 932 5268 verba
970 5212 1075 5264 nonnisi
1089 5207 1287 5262 rrrcridionuiom
1305 5205 1383 5275 liujus
1396 5207 1474 5258 maris
1493 5217 1591 5276 partem
1608 5221 1710 5274 vocant,
1729 5210 1756 5260 id

141 5290 512 5362 Nicbubriusintcrqmncmin
528 5301 625 5355 ιινινυι,
647 5295 730 5360 qttm§
748 5294 776 5343 ti
791 5291 912 5362 leguntur
925 5312 929 5347 :
972 5290 1042 5343 band
1052 5291 1189 5360 [auspicio.
1199 5289 1282 5340 -Dc
1292 5285 1398 5357 parnpio
1408 5286 1518 5356 iapygia¹
1532 5287 1566 5338 ei.
1579 5298 1633 5340 not.
1646 5287 1677 5342 ad
1688 5292 1703 5356 S
1715 5305 1753 5340 ιν.
