3950 5925
251 462 304 513 ίύῦ
858 450 908 508 Ex
931 449 1240 509 AGATllAllClllllE
1796 455 1861 531 (ιι.)

170 594 238 644 phot.
285 604 321 643 tte.
337 581 401 642 Ὅτι
413 582 476 663 ρησί
483 627 491 656 ,
508 583 618 640 Πολλῶν
632 579 801 659 ὑπαρχόντων
819 582 971 656 θαυμασίων
982 580 1028 638 καὶ
1110 592 1153 641 8ιι.
1165 593 1254 655 Quum
1272 587 1351 639 multa
1361 589 1413 639 sint
1425 586 1605 641 admirationis
1615 590 1690 659 plena
1700 601 1724 642 et
1735 610 1748 642 a
1760 592 1859 660 vulgari

246 672 335 750 πόρρω
344 670 470 745 κειμένων
484 669 536 725 άπὸ
550 672 596 741 τῆς
611 669 763 744 συνηθείας,
779 667 872 735 αθτοθς
889 667 1028 727 ίπελιύσο-
1074 673 1263 727 consuetudine
1272 674 1363 745 procul
1375 673 1501 745 sejuncta,
1515 674 1548 726 ad
1561 677 1615 745 ipsa
1626 694 1683 746 quae
1697 696 1858 731 corrrrnemo·

246 783 295 836 μαι
309 762 360 816 τῶν
371 758 456 815 τόπων
472 755 529 822 τοθς
544 756 649 833 μνήμης
665 756 756 824 ἀξίους
1074 762 1174 814 ratione
1189 762 1269 831 digna
1282 762 1412 813 habentur
1426 762 1493 827 loca,
1506 762 1602 831 inquit,
1618 781 1660 814 me
1678 763 1821 817 conseram,

286 849 396 924 Πρῶτον
414 845 462 921 μίν
482 845 528 902 ἀπ’
550 843 682 923 Ἀρσινόης
702 842 858 923 παραθέοντι
881 842 928 915 τὴν
943 844 1030 912 δεξιὰν
1109 849 1197 901 Primo
1212 850 1301 917 igitur,
1321 849 1412 918 siquis
1429 848 1462 900 ab
1477 849 1589 901 Arsinoe
1600 850 1778 903 continentem
1793 870 1859 921 prar-

219 933 352 1012 ηῆπενρον
366 931 450 1013 θερμόν
471 931 588 990 πλείοσιν
602 933 689 998 αὐλοῖς
704 933 733 989 lx
757 931 854 1011 πέτρας
879 934 980 1011 ὑψηλῆς
993 936 1029 999 είς
1073 936 1196 987 tercurrit
1213 934 1348 999 dextram,
1361 936 1468 1005 thermae
1490 934 1609 1007 pluribus
1634 953 1682 989 ceu
1713 937 1804 989 fistulis
1826 958 1858 990 cr

168 1116 238 1165 mod,
248 1100 388 1176 πελαγίαν,
404 1103 438 1165 ὣς
460 1097 491 1156 Ar
505 1102 557 1158 τῶν
573 1098 687 1176 ἠπείρων
699 1101 748 1179 οὐχ
768 1100 905 1179 ὁρωμένων
920 1099 967 1157 ἀπ’
984 1102 1030 1159 άλ-
1075 1110 1157 1163 sulam
1171 1113 1197 1163 in
1212 1112 1264 1165 alto
1278 1113 1354 1163 sitam
1368 1112 1454 1183 (νῆσον
1474 1110 1623 1181 πελαγίαν),
1637 1111 1682 1163 ubi
1695 1114 1858 1165 continentes

243 1188 343 1260 λάλων.
388 1186 486 1247 ’sabat
494 1185 586 1246 τούτου
595 1186 730 1253 τθπλάτος
740 1186 888 1263 αἐίμᾶλλον
899 1188 1031 1265 σνγιιλείε·
1075 1199 1186 1250 invicem
1196 1218 1248 1250 non
1261 1199 1469 1270 conspiciuntur.
1506 1197 1610 1250 Exinde
1622 1198 1733 1251 latitudo
1745 1199 1857 1253 subinde

244 1276 342 1335 ταικαί
352 1274 400 1346 τὴν
410 1275 564 1353 συναγωγὴν
574 1276 768 1355 ἔχειμίχριτοῦ
777 1275 917 1353 στόματος.
960 1274 1029 1335 Ὁδὲ
1074 1284 1103 1337 lit
1126 1287 1268 1355 angustior,
1289 1302 1368 1355 seque
1381 1283 1414 1335 ad
1435 1284 1531 1335 ostium
1547 1302 1630 1354 usque
1648 1284 1788 1337 contrahit.
1827 1290 1857 1337 ln

246 1364 401 1443 παράπλους
423 1366 503 1422 αὐτοῦ
527 1362 597 1422 κατίι
618 1363 729 1429 πολλοὺς
748 1362 842 1429 τόπους
860 1364 915 1441 ἔχει
936 1362 1031 1434 νήσους
1075 1372 1142 1426 freto
1158 1372 1214 1443 ejus
1229 1392 1328 1441 magnae
1343 1374 1439 1442 passim
1457 1372 1547 1424 insulae
1561 1371 1701 1437 habentur,
1715 1374 1782 1425 inter
1794 1392 1858 1443 quas

206 1479 231 1517 νιν
246 1450 364 1530 μακράς,
382 1451 486 1519 στενοὺς
502 1450 549 1528 μὲν
561 1451 715 1529 διαδρόμους
724 1451 852 1529 ἐχούσας,
866 1455 925 1531 ῥοῦν
939 1453 965 1509 δὲ
981 1475 1030 1511 πο·
1074 1460 1178 1511 strictus
1199 1460 1304 1512 narium
1321 1476 1423 1521 cursus,
1441 1468 1468 1510 et
1488 1457 1646 1510 immodicus
1666 1477 1696 1510 ac
1720 1460 1857 1512 vehemens

244 1542 291 1597 λὺν
301 1539 346 1597 καί
358 1539 478 1620 σροθρόν.
1075 1547 1153 1599 maris
1165 1546 1260 1597 llurrus.

283 1647 319 1685 ao.
335 1625 372 1685 Ἱί
381 1625 429 1702 μὲν
440 1618 485 1686 οθν
496 1624 682 1706 καραλαιόνδης
692 1630 736 1684 τοῦ
749 1626 846 1684 κολπου
857 1626 948 1683 τούτου
962 1624 1030 1692 θέσις
1111 1636 1154 1687 80.
1169 1632 1219 1684 llic
1232 1632 1383 1684 summatim
1399 1632 1472 1683 sinus
1493 1630 1560 1683 illius
1577 1632 1642 1683 situs
1661 1640 1708 1683 cst.
1748 1632 1860 1701 Acrrjns

246 1715 359 1793 ύπάρχει
386 1713 505 1786 τοιαύτη.
550 1714 643 1787 Ἡμεῖς
660 1715 683 1771 θ’
706 1712 759 1771 ἀπὸ
772 1718 824 1770 τῶν
843 1714 963 1791 ἐσχάτοιν
983 1720 1029 1772 τοῦ

245 1807 331 1880 μυχοῦ
348 1801 435 1859 τόπων
450 1800 590 1881 ἀρξάμενοι
607 1800 651 1858 τὸν
666 1799 706 1879 ἐρ’
726 1800 838 1880 ἑκάτερα
853 1801 885 1857 τά
901 1802 967 1878 μέρη
980 1823 1029 1857 πα-

206 1917 230 1956 tt»
245 1888 359 1967 ράπλοον
376 1893 428 1946 τῶν
442 1888 555 1968 ἠπείρων
569 1886 614 1945 καὶ
628 1887 674 1953 τίις
689 1886 897 1965 ἀξιολογωτάτας
909 1887 967 1945 κατ’
980 1889 1028 1943 αὐ.
1074 1893 1100 1935 et
1110 1880 1182 1953 quod
1192 1881 1300 1951 singulis
1316 1881 1378 1932 insit
1389 1880 1499 1951 proprii,
1516 1896 1564 1933 ceu
1584 1880 1802 1951 praeterlcgendo,
1819 1901 1859 1935 re·

1074 1754 1280 1809 extremitatibus
1293 1772 1341 1807 uos
1349 1755 1445 1818 exorsi,
1461 1754 1598 1824 utriusque
1614 1755 1772 1807 continentis
1788 1774 1856 1819 oras,

243 2090 318 2141 nium
327 2098 365 2140 est
373 2088 470 2159 Μαρίαν
479 2086 791 2157 ὃνσπελαγίαν,ινί.ιίιγιιονί
801 2104 869 2138 unus
877 2086 943 2138 liber
950 2085 1029 2139 habet
1074 2083 1106 2136 ad
1121 2087 1242 2136 lllrrrrrtcn
1253 2081 1362 2134 loannis
1374 2079 1406 2131 de
1428 2080 1520 2131 Castro
1540 2080 1628 2131 retulit
1647 2080 1807 2135 Gosselirrus.
1825 2088 1859 2135 At

243 2170 279 2220 hl.
291 2167 472 2237 ὃνσπελάγιον,
492 2167 558 2219 alius
572 2166 714 2236 θίαριάνδης
727 2166 856 2232 πελάγιον.
876 2167 1028 2218 lectionem
1073 2166 1177 2215 Murato
1188 2161 1302 2213 fortassis
1317 2158 1406 2211 eadem
1420 2170 1459 2210 cst
1470 2176 1529 2209 cum
1541 2162 1655 2211 Anrarrrt
1666 2161 1753 2212 insin
1764 2179 1858 2232 mappa

243 2247 372 2317 Μακαρίαν
396 2244 429 2297 ad
460 2246 604 2313 marginem
633 2255 768 2299 notaverat
790 2244 946 2315 Stephanus,
963 2262 1027 2295 num
1072 2241 1218 2312 Moresbyi;
1231 2259 1290 2311 qrrae
1300 2240 1383 2291 insula
1395 2241 1446 2291 situ
1459 2256 1507 2289 suo
1521 2238 1608 2289 minus
1623 2240 1754 2291 convenit.

244 2344 275 2376 cx
292 2326 418 2378 alterutro
433 2322 548 2375 duorum
572 2322 694 2375 codicum
708 2323 980 2386 Clarimontanorum,
996 2340 1029 2373 ex
1108 2325 1181 2389 §⁸⁰-
1208 2323 1240 2372 ln
1264 2319 1382 2388 sequenti
1404 2334 1456 2369 orae
1473 2316 1664 2387 Troglodyticae
1682 2316 1859 2387 descriptione

245 2403 342 2473 quibus
364 2402 472 2455 varietas
486 2399 627 2453 lectionum
646 2403 668 2453 ei
681 2412 777 2472 praesto
790 2410 855 2465 erat,
868 2418 901 2452 an
915 2418 946 2451 cx
964 2418 1027 2451 con·
1073 2416 1233 2470 quamquam
1252 2397 1388 2468 complura
1403 2398 1520 2448 omisisse
1532 2394 1679 2447 Diodorum
1694 2408 1720 2448 et
1733 2397 1859 2449 Photiurn

240 2481 352 2551 jectura,
364 2481 462 2532 neseio.
478 2481 545 2531 Utut
558 2489 606 2542 est,
620 2478 748 2549 Μακαρίαν
763 2478 874 2531 insulam
888 2495 921 2529 er
943 2476 1028 2530 Ptole·
1072 2488 1276 2530 consentancum
1288 2477 1390 2541 est,.ita
1405 2485 1492 2527 tamen
1507 2476 1644 2545 utriusque
1655 2486 1776 2545 excerpta
1790 2477 1860 2527 inter

245 2561 302 2612 maei
322 2559 465 2611 insularum
478 2557 595 2625 catalogo
614 2560 663 2621 IV,
682 2578 707 2628 7,
727 2577 756 2629 p.
778 2559 869 2623 tona,
891 2574 1028 2627 perperam
1072 2576 1098 2609 se
1108 2558 1260 2620 concinunt,
1272 2564 1302 2607 ut
1312 2572 1370 2624 quae
1388 2552 1467 2606 luerit
1479 2555 1634 2606 narrationis
1646 2554 1860 2621 Agatharchides

244 2639 339 2691 illatam
353 2655 527 2698 esseccnseo;
540 2653 622 2706 quare
632 2638 744 2707 priscam
756 2638 894 2689 lectionem
908 2636 955 2685 ctsi
971 2636 1027 2686 vitii
1072 2639 1138 2689 ratio
1154 2646 1181 2689 et
1200 2634 1301 2688 indoles
1317 2634 1390 2686 facile
1409 2633 1576 2701 intelligatur.
1601 2634 1734 2685 Nimirum
1755 2653 1809 2686 non
1831 2637 1858 2687 id

244 2733 298 2767 non
313 2734 419 2768 vacuam
435 2714 538 2767 reduxi.
549 2716 590 2767 Ex
602 2716 802 2783 Agatharchidis
822 2713 967 2766 rationibus
981 2731 1028 2765 orn
1072 2718 1123 2785 egit
1136 2726 1238 2779 auctor,
1253 2725 1283 2767 ut
1302 2712 1404 2783 justum
1418 2713 1561 2783 παράπλουν
1578 2713 1678 2781 singula
1690 2732 1800 2784 quaeque
1816 2734 1858 2766 re-

243 2793 427 2863 'l'roglodytica
449 2804 519 2845 recta
539 2792 593 2846 sere
606 2794 675 2846 linea
686 2794 823 2847 meridiem
842 2810 932 2845 versus
944 2791 1029 2845 tendit
1072 2806 1220 2849 oensentem
1234 2804 1394 2857 contexeret,
1407 2790 1452 2845 sed
1471 2802 1565 2863 praeter
1577 2790 1687 2861 majores
1705 2811 1758 2845 orae
1776 2794 1860 2846 llexrrs

244 2890 327 2942 usque
339 2872 373 2925 ad
382 2874 485 2925 Tauros
494 2883 596 2925 montes
607 2873 737 2943 (Gaurum
751 2876 805 2927 sive
813 2872 942 2942 Taurum)
955 2890 1030 2924 mon·
1072 2873 1251 2927 memorabilia
1264 2872 1385 2944 quaedam
1400 2869 1570 2941 mirandaque
1586 2870 1703 2923 attulisse
1714 2871 1806 2924 habuit
1816 2892 1858 2925 sa·

243 2963 296 3004 tcrn
311 2951 376 3005 dicit
385 2951 540 3006 Ptolemaeus
552 2954 577 3020 );
600 2952 664 3006 hine
682 2973 744 3006 vero
758 2971 847 3006 versus
860 2953 988 3006 orientem
1002 2963 1028 3004 et
1072 2955 1114 3006 tis.
1136 2956 1227 3024 Itaque
1240 2972 1273 3006 ex
1291 2970 1386 3022 magno
1401 2952 1451 3003 isto
1467 2949 1644 3022 oppidorum,
1660 2960 1797 3020 portuum,
1814 2971 1859 3003 vc-

243 3032 367 3085 Arabiam
383 3031 1029 3104 deflectitur(§8l1).Satisindecolligiturrnaxi·
1072 3034 1208 3085 nationum
1232 3049 1354 3094 numero,
1377 3027 1541 3101 quemapud
1565 3027 1778 3094 Artemidorum,
1794 3032 1858 3082 scri-

244 3128 314 3162 rnam
327 3113 400 3162 sinus
411 3110 576 3163 latitudinem
593 3111 627 3163 ad
639 3113 773 3181 angulum,
785 3129 864 3181 quern
874 3128 927 3163 orae
944 3111 1028 3162 llexus
1072 3123 1174 3181 ptorcm
1185 3111 1237 3163 lere
1245 3127 1394 3180 supparem,
1403 3109 1487 3177 legere
1498 3118 1546 3171 est,
1556 3106 1670 3160 duorum
1678 3107 1856 3173 solummodo,

244 3189 390 3254 ellicit,esse
399 3189 577 3261 querendam.
589 3191 708 3260 Angulus
718 3209 780 3243 vero
790 3191 831 3243 ille
839 3200 878 3243 ων
891 3188 979 3260 paullo
989 3191 1028 3241 in·
1072 3190 1235 3262 hlyoshormi
1247 3200 1274 3241 et
1285 3188 1462 3250 Ptolemaidis,
1476 3188 1575 3240 mentio
1587 3186 1712 3257 injicitur,
1724 3198 1750 3240 et
1764 3207 1797 3242 ne
1810 3189 1860 3241 hos

244 3269 283 3321 [νει
292 3267 447 3321 hodiernam
456 3266 550 3320 urbem
558 3267 667 3331 Κατιλίνα,
681 3267 715 3321 ad
724 3287 803 3339 quarn
812 3269 913 3320 Tauros
924 3278 1027 3319 montes
1072 3268 1179 3338 quidem
1192 3277 1350 3320 memoratos
1364 3285 1419 3318 esse
1430 3265 1582 3331 credideris,
1598 3267 1647 3318 nisi
1660 3264 1702 3318 ille
1712 3265 1744 3318 ad
1757 3266 1858 3320 radices

243 3346 380 3418 ponendos
394 3365 449 3400 esse
469 3346 569 3416 reliqua
587 3345 705 3399 locorum
723 3367 766 3418 ap.
787 3345 985 3400 Artemidorum
1002 3357 1028 3398 ct
1072 3349 1136 3400 situs
1154 3357 1220 3400 essct
1241 3347 1338 3399 montis
1356 3345 1422 3398 adeo
1444 3345 1585 3410 rutilantis,
1601 3356 1629 3396 ut
1647 3343 1736 3398 oculos
1753 3345 1860 3399 laederet

243 3426 410 3479 Ptolemaeum
423 3428 502 3479 serioe
522 3425 608 3478 docet.
630 3427 723 3497 Ibique
744 3445 833 3479 revera
851 3437 890 3478 est
914 3419 1027 3478 marimo
1073 3428 1246 3490 intuentium,
1263 3425 1402 3478 Ptolemais
1415 3442 1478 3475 vero
1491 3423 1628 3475 observatis
1642 3423 1676 3474 ibi
1695 3425 1763 3476 circa
1775 3425 1859 3476 solsti-

242 3507 315 3558 sinus
338 3504 458 3558 latitudo.
481 3509 570 3572 Quare
591 3505 711 3574 Τύρκαιον
736 3507 792 3575 ὄρος
818 3523 871 3556 ιιονι
892 3503 1026 3556 diversum
1072 3508 1101 3559 tii
1116 3517 1219 3575 tempus
1236 3504 1390 3556 umbrarum
1414 3505 1515 3555 ratione
1535 3519 1633 3556 nornen
1656 3501 1727 3574 apud
1752 3521 1858 3571 geogra-

243 3584 322 3637 suerit
336 3583 369 3636 ab
384 3602 416 3636 eo
424 3582 490 3652 jugo
503 3582 576 3652 quod
588 3583 655 3636 inira
669 3587 747 3651 (§8l1
763 3589 773 3652 )
787 3583 877 3653 Ταῦροι
889 3594 997 3635 vocatur
1013 3603 1028 3636 a
1072 3586 1138 3656 phos
1157 3594 1234 3636 nacta
1253 3583 1331 3636 soret.
1346 3583 1385 3634 Ne
1403 3583 1540 3634 berenices
1554 3580 1676 3651 quidem,
1693 3581 1857 3634 celeberrimi

242 3662 348 3724 Photio,
366 3660 534 3714 Artemidoro
543 3671 569 3712 ct
586 3663 643 3732 ipso
660 3664 738 3714 etiarn
753 3661 881 3726 Diodoro,
893 3663 942 3714 uisi
955 3663 1028 3732 quod
1072 3675 1135 3717 tunc
1155 3664 1278 3734 emporii,
1300 3672 1421 3733 excerpta
1444 3662 1638 3724 meminerunt,
1665 3677 1748 3730 quum
1769 3671 1857 3714 tamen

242 3735 313 3811 a‘pud
327 3740 398 3792 hunc
413 3740 505 3809 optimi
519 3737 622 3790 codices
636 3749 688 3791 tres
703 3741 793 3807 (ABC
807 3739 939 3792 Diodorlii
953 3743 964 3809 )
978 3759 1028 3810 pro
1072 3752 1281 3795 commemorent
1291 3743 1403 3793 vicinam
1417 3741 1441 3792 ei
1456 3739 1637 3812 peninsulam,
1653 3737 1728 3810 cujus
1739 3757 1786 3811 per
1801 3759 1859 3792 ccr-

242 3819 342 3888 Ταύρων
353 3817 393 3869 his
404 3816 661 3888 prebenttaupeav.
670 3818 749 3871 Unde
755 3818 890 3891 probabile
899 3819 929 3870 lit
938 3831 1029 3872 nostro
1074 3823 1156 3873 vicem
1177 3821 1279 3890 navigia
1291 3817 1538 3872 transducebantur.
1553 3817 1686 3871 Moncnda
1698 3819 1753 3871 haec
1768 3831 1857 3882 crant,

242 3915 348 3966 quoque
368 3895 426 3949 loco
449 3913 498 3967 pro
511 3895 629 3966 Τύρκαιον
650 3898 777 3969 scriptum
797 3897 875 3949 luisse
896 3897 1026 3967 Ταυρικόν.

242 3975 361 4044 Angulus
372 3975 414 4028 ille
425 3976 511 4028 sinum
521 3975 610 4040 ellicit,
621 3993 700 4046 quern
715 3987 775 4028 ante
788 3975 975 4029 Ptolemaidem
988 3996 1028 4029 rc-

242 4073 350 4108 censens
362 4054 462 4108 Plinius
472 4056 539 4121 (vt,
550 4053 582 4106 ³5
592 4058 603 4123 )
614 4055 701 4107 multis
710 4055 836 4107 refertum
851 4055 915 4108 dicit
926 4057 1026 4121 insulis,

241 4151 355 4203 quarum
366 4131 400 4185 de
409 4134 485 4201 regiis
498 4133 625 4203 praelectis
639 4152 742 4205 nqrrosre
756 4145 853 4186 vocatae
861 4136 914 4186 sint
923 4137 1025 4198 Mareu,

240 4213 360 4264 sitientes
371 4215 501 4264 Eratonos
512 4214 523 4279 (
533 4210 631 4264 Martis
640 4224 665 4264 ct
677 4212 798 4275 Auratis,
809 4213 947 4276 Μαναήν,
962 4213 1026 4265 iuss.

242 4291 269 4341 in
280 4293 377 4360 Gcogr.
395 4293 459 4343 ltav.
479 4292 515 4353 V,
532 4293 586 4358 ιθ).
601 4292 669 4343 Cum
690 4291 730 4344 his
742 4292 925 4362 componenda
944 4292 1029 4362 Alapta

244 4368 404 4438 (llldpetail
426 4366 547 4420 Diodori.
569 4370 692 4420 Mnrnten
718 4371 829 4422 insulam
852 4371 879 4421 in
900 4369 951 4422 hoc
968 4372 1029 4422 sinu

243 4448 342 4498 notavit
354 4447 414 4499 Don
428 4449 444 4498 J
446 4463 496 4498 uun
504 4443 538 4497 de
549 4448 655 4511 Castro;
668 4450 715 4500 etsi
725 4465 845 4518 quaenam
855 4448 898 4500 illa
906 4451 939 4500 sit
948 4449 1028 4502 hodie

244 4543 297 4577 uon
322 4534 441 4577 constare
468 4536 558 4577 monet
584 4526 717 4594 Berghaus
745 4527 772 4577 in
800 4526 1025 4599 Gcolryrlmgrnplr.

1073 3919 1106 3952 ne
1118 3901 1176 3970 quis
1182 3899 1270 3952 denuo
1282 3901 1309 3951 in
1317 3917 1418 3951 errores
1428 3896 1555 3950 incideret
1563 3897 1691 3950 Gosselini
1698 3937 1706 3964 ,
1715 3899 1858 3963 Manncrti,

1073 3979 1194 4042 aliorum,
1206 3979 1262 4048 qui,
1274 3976 1396 4046 neglectis
1406 3976 1530 4028 omnibus
1540 3993 1598 4046 quae
1607 3975 1721 4029 deaetate
1733 3976 1859 4045 Agathar-

1073 4055 1157 4108 chidis
1169 4055 1276 4108 aliunde
1295 4065 1429 4126 comperta
1447 4055 1585 4117 habemus,
1605 4072 1637 4106 ex
1651 4071 1703 4106 orac
1714 4054 1859 4125 Troglodi-

1074 4137 1130 4187 ticae
1141 4133 1317 4204 descriptione
1326 4135 1411 4202 colligi
1423 4133 1563 4186 voluerunt
1576 4132 1677 4185 nullum
1691 4133 1758 4186 ultra
1775 4135 1859 4186 Ptole-

1074 4212 1187 4264 rnaidcm
1200 4211 1328 4283 oppidum
1346 4211 1385 4264 vel
1398 4222 1505 4282 portum
1517 4209 1704 4279 Agatharchidi
1724 4213 1857 4278 cognitum

1073 4292 1161 4356 luisse,
1173 4291 1285 4363 ideoque
1302 4302 1422 4362 tempora
1434 4289 1490 4359 ejus
1502 4289 1535 4341 ad
1551 4289 1682 4343 Ptolemaei
1697 4291 1766 4342 tertii
1780 4310 1859 4360 quar-

1073 4372 1145 4442 tique
1161 4390 1241 4441 regna
1261 4369 1419 4423 removenda
1431 4389 1486 4422 csse
1499 4371 1509 4438 11
1522 4401 1558 4409 -
1568 4373 1594 4432 A.
1612 4367 1660 4422 ἀπ’
1680 4367 1836 4440 Ἀρσινόης
1849 4373 1857 4440 ]

1073 4451 1135 4504 ttaec
1143 4461 1205 4503 nota
1211 4461 1249 4503 cst
1259 4451 1370 4504 Arsinoe
1376 4449 1448 4514 urbs,
1461 4447 1602 4501 aderitum
1613 4449 1662 4500 sita
1671 4449 1766 4500 canalis
1777 4450 1787 4514 (
1797 4451 1861 4500 Dio-

1073 4529 1132 4583 dor.
1146 4533 1169 4594 I,
1184 4531 1228 4595 33,
1240 4547 1271 4582 να
1281 4549 1287 4591 ;
1298 4529 1391 4582 Strabo
1401 4547 1427 4600 μ.
1438 4527 1500 4598 735,
1512 4530 1562 4590 Sol,
1572 4547 1579 4591 ;
1590 4527 1658 4580 Plin.
1670 4527 1717 4591 VI,
1729 4528 1771 4580 33,
1784 4529 1819 4590 V,
1833 4549 1859 4596 [η

244 4603 363 4656 Μτθιοὶν.
378 4621 401 4654 ³·
416 4607 497 4654 A'nrte
516 4610 567 4654 'voti
579 4603 684 4655 Aralla
705 4622 731 4656 tt.
745 4604 772 4656 tl·
789 4603 924 4668 Nillttttrlt’,
937 4623 965 4676 p·
977 4609 1025 4670 [153
1072 4610 1138 4663 Tab.
1159 4613 1246 4674 Peut.;
1262 4610 1323 4661 ltin.
1344 4619 1395 4660 etc.
1413 4611 1434 4676 ).
1455 4605 1639 4660 Artemidorus
1653 4617 1741 4658 autem
1763 4607 1789 4657 iu
1813 4626 1861 4659 sna

243 4691 284 4734 tot
296 4682 367 4733 enirn
386 4681 422 4732 ibi
436 4698 574 4733 arenarum
589 4692 650 4733 sunt
669 4683 752 4734 rainae
765 4693 792 4734 et
803 4694 916 4747 meatus,
932 4693 959 4734 ut
974 4685 1027 4736 sin·
1073 4691 1145 4742 sinus
1156 4688 1331 4759 descriptione
1342 4689 1457 4758 primurn
1469 4697 1597 4739 rncrnorat
1607 4685 1766 4756 Heroopolirr
1778 4687 1788 4750 (
1801 4705 1861 4754 quse

243 4760 316 4828 gulas
328 4760 423 4812 insulas
444 4759 567 4828 indagare
586 4758 693 4813 difficile
711 4763 753 4826 sit,
769 4773 847 4830 atque
866 4763 920 4832 ipse
937 4763 1026 4827 sinus,
1073 4768 1159 4838 paullo
1181 4785 1259 4837 supra
1277 4768 1405 4820 Arsinoen
1425 4768 1473 4818 sita
1487 4776 1543 4818 erat
1557 4767 1577 4834 ),
1593 4763 1688 4817 deinde
1700 4764 1860 4816 Philotrrnm

243 4851 350 4892 auctore
361 4838 547 4905 Valentia(ll,
560 4857 587 4910 p.
607 4843 659 4893 aas
671 4843 693 4908 ),
706 4840 739 4892 ab
752 4840 841 4908 Anglis
855 4851 962 4892 vocetur
978 4845 1028 4893 Bo·
1074 4843 1252 4909 ιιι·ίισινν,εἶτα
1271 4843 1351 4910 ἄλλην
1373 4845 1444 4899 πόλιν
1458 4843 1593 4914 Ἀρσινόην,
1605 4854 1661 4895 turn
1681 4861 1711 4894 ea
1724 4860 1782 4911 quac
1794 4845 1863 4910 Agn-

244 4919 347 4971 tlrrr'rnr
365 4922 429 4987 Buff,
443 4920 516 4988 quasi
533 4921 606 4971 sinus
618 4919 788 4972 contusionis.
802 4923 889 4986 Quam
910 4920 1029 4974 locorum
1074 4922 1222 4977 tharclrides
1235 4935 1374 4987 memorat,
1392 4924 1476 4976 sontes
1489 4921 1596 4986 calidos,
1611 4932 1727 4974 montem
1740 4921 1860 4973 rubrico-

244 5008 364 5050 naturam
378 5006 483 5066 putares
501 4997 641 5064 significari
657 5015 720 5051 voce
737 4999 913 5068 δυσπελαγίαν,
929 5000 977 5052 nisi
989 5002 1029 5052 ni·
1074 5019 1143 5066 sunt,
1152 5001 1351 5072 lllyoslrormunr
1364 5001 1446 5054 :adeo
1455 5011 1482 5052 ut
1493 5001 1547 5052 brec
1556 5001 1676 5064 Arsinoe,
1687 5001 1707 5051 si
1719 4999 1810 5051 endem
1822 5011 1862 5051 est

244 5077 295 5127 mis
308 5084 457 5146 suspectum
467 5086 534 5128 esset
546 5077 717 5141 vocabulum,
732 5080 824 5148 inquo
840 5077 947 5130 forsitan
968 5078 1029 5131 latet
1074 5100 1134 5132 curn
1145 5101 1173 5132 cn
1186 5100 1265 5151 quam
1280 5079 1385 5132 aliunde
1397 5082 1463 5132 hene
1478 5081 1615 5143 norimus,
1631 5099 1683 5131 non
1697 5097 1745 5130 sun
1759 5097 1861 5129 memo-

246 5157 300 5217 νῆα.
313 5155 343 5219 (i.
354 5172 378 5204 e.
391 5157 479 5220 νῆσον)
489 5155 609 5223 πελαγίαν
619 5175 665 5208 scu
675 5155 793 5226 πελάγιον
807 5156 845 5208 vel
857 5157 954 5227 [νῆσον]
966 5157 1037 5210 θέσει
1075 5170 1147 5212 retur
1159 5159 1219 5212 loco
1234 5163 1244 5226 (
1255 5171 1284 5212 ut
1293 5162 1457 5222 blanncrtus,
1469 5157 1639 5221 Reiclrnrdus,
1653 5158 1694 5210 alii
1706 5168 1823 5209 statuunt
1839 5158 1859 5222 l,

246 5233 363 5296 (nt§8·a)
374 5231 502 5300 πελαγίαν,
514 5233 590 5303 Apud
601 5235 768 5287 Ptolemaeum
778 5253 838 5287 cunr
850 5246 937 5287 nostra
947 5237 1030 5289 insula
1075 5249 1129 5302 aut,
1149 5241 1170 5290 si
1186 5239 1249 5290 nibil
1264 5249 1356 5290 auctor
1376 5240 1508 5309 peccarit,
1523 5237 1582 5289 duae
1598 5239 1650 5288 sint
1669 5236 1724 5305 rjus
1746 5237 1861 5287 nominis

246 5308 429 5377 componenda
438 5309 541 5363 videtur
552 5312 669 5381 Μύρωνος
682 5315 839 5386 (θίάρωνοςί)
851 5315 1029 5385 insrrla,quanr
1076 5317 1360 5386 urbesdistinguendae,
1373 5337 1484 5389 quarum
1493 5317 1598 5370 altcrarn
1611 5316 1792 5370 Artemidorus
1806 5334 1859 5366 non
