3950 5925
1698 217 1716 297 l

792 419 1009 481 PaAErtho.
1708 438 1727 477 r

110 563 311 636 peragrare.
339 548 410 617 Nec
443 548 509 617 luit
528 547 678 643 posthac
698 572 763 617 cur
786 548 980 619 consilium
1003 564 1193 637 mutarem,
1217 550 1382 645 quamvis
1399 548 1506 617 etiam
1527 547 1574 617 ab
1598 550 1727 619 exteris

112 662 329 737 hominibus
355 668 400 738 de
422 668 494 739 hoc
514 670 657 761 negotio
681 669 931 767 compellatus.
959 676 1082 754 »Post
1106 671 1382 766 Bernhardyum
1397 670 1550 765 singulis
1575 670 1726 766 quidem

112 788 300 881 opusculis
324 788 448 861 denuo
470 789 622 862 edendis
644 792 781 888 optime
801 808 1013 864 meruerunt
1035 792 1261 881 Millerus,
1287 793 1580 879 Letronnins,
1601 792 1727 863 ttoft-

114 934 208 979 man
221 936 325 1001 nus,
353 914 586 985 Fabricius
604 930 640 985 et
660 915 866 1012 nuperrime
891 916 1162 1003 Meinekius,
1186 915 1250 987 sed
1269 916 1404 1009 justam
1430 916 1597 987 omnium
1620 916 1727 987 colle·

113 1034 275 1107 ctionem
291 1065 403 1111 nemo
421 1042 588 1113 instituit.

161 1162 290 1255 ltaque
302 1161 453 1258 longum
468 1163 680 1261 perlustravi
694 1188 864 1262 campum
876 1164 978 1261 quasi
994 1158 1078 1243 tm
1092 1158 1211 1251 πεδίον,
1229 1165 1268 1233 in
1283 1188 1358 1260 quo
1371 1187 1453 1260 spes
1466 1167 1593 1235 inanes
1608 1161 1727 1259 legere

114 1294 198 1369 erat,
213 1308 307 1355 vana
319 1287 478 1376 consilia,
494 1302 658 1375 conatus,
669 1288 877 1375 tentamina,
893 1286 1054 1358 abortus.
1072 1289 1180 1359 Nunc
1194 1288 1336 1357 animos
1351 1286 1577 1357 deferbuisse
1591 1286 1725 1358 dixeris

112 1418 146 1471 et
164 1405 316 1478 clamori
338 1410 550 1482 successisse
569 1411 768 1481 silentium.
787 1415 829 1481 At
849 1411 887 1480 in
907 1434 1053 1481 arenam
1068 1409 1145 1505 jam
1163 1409 1352 1481 descendit
1374 1410 1648 1481 strenuissimus
1663 1408 1727 1479 bo·

114 1552 245 1598 narum
272 1531 458 1605 literarum
491 1549 751 1630 propugnator,
777 1538 954 1605 Fmsrmus
975 1537 1106 1605 Dmoa.
1131 1538 1164 1604 ls
1187 1534 1295 1628 igitur
1320 1558 1436 1630 quum
1460 1532 1725 1603 ardentissimis

114 1652 231 1722 nostri
246 1654 311 1723 aevi
329 1655 461 1726 studiis
474 1655 736 1752 geographicis,
751 1655 886 1751 quibus
900 1669 1004 1727 vetus
1017 1656 1117 1727 orbis
1139 1681 1232 1726 nova
1248 1658 1286 1726 in
1300 1656 1397 1727 diem
1415 1655 1495 1726 luce
1509 1655 1723 1740 aliunditur,

111 1772 289 1845 idoneum
310 1778 594 1849 instrumentum
609 1777 731 1849 deberi
741 1792 918 1867 censeret,
934 1802 1066 1874 corpus
1078 1778 1368 1875 geographorum
1381 1778 1637 1874 plenissimum
1652 1778 1723 1849 ela-

111 1894 235 1968 borari
252 1900 374 1993 jussit.
391 1906 503 1972 Curas
521 1901 640 1998 operis
660 1902 854 1973 Letronnio
873 1900 1035 1997 mihique
1049 1900 1278 1995 conjunctim
1297 1900 1528 1971 sustinendas
1546 1901 1622 1995 jam
1640 1917 1724 1971 ante

112 2043 232 2091 aranos
252 2022 393 2120 aliquot
405 2026 460 2093 vir
478 2024 734 2095 celeberrimus
752 2022 1043 2095 demandaverat.
1064 2024 1135 2095 Sed
1159 2023 1340 2095 delineato
1365 2024 1423 2093 vix
1443 2047 1564 2119 opere,
1577 2028 1725 2095 Letron·

113 2143 231 2233 nium,
247 2147 371 2217 Galliae
390 2146 512 2235 decus,
535 2148 669 2242 vegetis
695 2148 733 2217 in
750 2148 855 2218 annis
882 2147 995 2217 latum
1015 2146 1187 2217 acerbum
1208 2148 1339 2242 patriae,
1357 2146 1485 2233 literis,
1509 2146 1636 2217 amicis
1656 2149 1725 2216 eri-

112 2268 202 2362 puit.
219 2266 327 2337 Solus
350 2281 452 2337 tanto
469 2268 586 2337 acrius
604 2283 640 2338 et
667 2266 892 2363 desperantis
918 2267 991 2337 fere
1017 2269 1101 2338 nisu
1121 2268 1158 2337 in
1193 2266 1355 2337 laborem
1383 2265 1597 2337 incumbere
1614 2269 1720 2363 coepi.

112 2393 229 2473 Quem
248 2390 279 2460 si
295 2392 424 2487 exequi
446 2390 536 2460 mihi
557 2414 705 2487 quoque
725 2389 838 2461 satum
857 2390 1103 2487 denegaverit,
1120 2392 1159 2461 in
1177 2391 1332 2485 jacentis
1348 2388 1471 2459 locum
1491 2389 1582 2461 alius
1600 2415 1723 2462 succe·

112 2516 172 2585 det
186 2510 312 2609 ἔφεδρος
330 2540 338 2584 z
358 2539 438 2584 nam
455 2512 602 2585 confido
618 2515 725 2609 genio
740 2514 881 2601 Didoti,
899 2515 962 2611 qui
980 2538 1095 2610 quum
1114 2528 1167 2584 tot
1187 2538 1296 2610 opera
1315 2511 1430 2583 ardua
1443 2513 1594 2609 speique
1608 2512 1724 2607 longa

111 2638 155 2708 ad
175 2640 315 2707 exitum
329 2636 479 2708 feliciter
488 2637 562 2732 jam
577 2636 798 2733 perduxerit,
816 2636 861 2709 de
874 2637 946 2709 boc
960 2662 1108 2736 quoque
1123 2652 1163 2709 ut
1180 2638 1318 2735 optima
1329 2660 1481 2739 qumque
1494 2660 1723 2731 auguremur,

67 2822 70 2825 ,
111 2776 324 2831 auctorest.

159 2884 368 2956 Consilium
399 2885 555 2955 instituti
583 2910 657 2982 quo
677 2885 793 2982 majus
808 2900 881 2975 est,
908 2902 1011 2958 tanto
1031 2888 1265 2986 paucioribus
1294 2888 1379 2959 licet
1401 2882 1722 2983 comprehendere.

110 3009 283 3080 Straboni
303 3009 411 3104 igitur
426 3024 461 3079 et
479 3009 671 3081 Ptolemaeo
689 3025 726 3080 et
754 3009 940 3107 Stephano
959 3013 1129 3106 Byzantio
1145 3036 1211 3083 sua
1227 3010 1378 3107 singulis
1404 3025 1513 3082 eruut
1533 3009 1722 3081 volumina

108 3133 327 3229 propediem
348 3131 408 3203 illa
424 3131 583 3222 edenda;
603 3133 789 3203 minorum
812 3148 944 3224 autem,
966 3159 1061 3230 quos
1077 3149 1224 3223 vocant,
1246 3134 1536 3231 geographorum
1557 3132 1723 3216 collectio

108 3257 274 3352 primum
289 3255 477 3326 exhibebit
491 3254 663 3353 periplos,
692 3256 904 3353 periegeses,
925 3259 1038 3328 totius
1063 3256 1193 3328 mundi
1217 3273 1420 3354 systemata,
1440 3257 1539 3330 varia
1557 3271 1723 3352 excerpta

107 3379 362 3477 geographica,
382 3404 463 3475 quae
475 3379 512 3449 in
532 3379 722 3451 codicibus
737 3395 944 3477 supersunt.
956 3382 1021 3451 His
1034 3379 1275 3476 subjicientur
1287 3380 1562 3477 deperditorum
1577 3403 1723 3474 geogra-

108 3505 273 3600 phorum
295 3504 493 3600 fragmenta
512 3529 531 3574 e
546 3519 708 3574 veterum
728 3504 872 3600 scriptis
891 3502 1052 3575 collecta.
1067 3505 1081 3598 (
1094 3507 1183 3590 Quae
1195 3505 1274 3576 sine
1286 3504 1438 3575 nomine
1451 3499 1722 3598 auctorisapud

108 3627 386 3723 lexicographos
393 3679 404 3717 ‚
417 3626 640 3716 scholiastes,
653 3627 919 3724 grammaticos,
931 3626 1011 3697 aliis
1027 3629 1065 3698 in
1081 3627 1185 3698 libris
1199 3626 1475 3698 obscurioribus
1486 3623 1724 3722 geographica

109 3750 164 3820 rel
183 3751 446 3848 topographica
466 3751 646 3848 leguntur,
667 3723 878 3848 porro'quae
898 3750 1202 3847 inscriptionibus
1224 3750 1477 3848 suppeditatur
1492 3763 1575 3846 apta
1591 3761 1722 3820 nostrae

110 3874 160 3944 rei
181 3873 364 3971 supellex,
386 3899 427 3947 ea
450 3875 575 3946 omnia
591 3899 634 3945 ex
648 3875 835 3946 literarum
852 3873 983 3945 ordine
1009 3874 1185 3970 disposita
1204 3873 1251 3946 ad
1275 3874 1412 3946 calcem
1437 3897 1618 3970 ponemus
1642 3875 1721 3942 Ste-

109 3999 225 4094 phani
247 3999 419 4093 Byzantii.
434 3998 448 4082 l
461 3997 603 4069 Deinde
624 3996 778 4068 habebis
797 3995 1050 4094 geographiam
1076 3998 1218 4094 imperii
1240 3997 1445 4092 Byzantini,
1464 3993 1721 4090 geographiam

111 4145 262 4210 sacram,
293 4119 548 4218 geographiam
575 4120 864 4191 ecclesiasticam.
881 4120 1101 4216 appendicis
1125 4120 1207 4190 loco
1232 4118 1502 4214 subjungentur
1525 4119 1720 4215 geographi

111 4243 227 4328 latini,
252 4244 447 4328 itineraria,
481 4243 604 4315 tabula
636 4244 920 4339 Peutingeriana.
948 4243 1078 4315 Tribus
1099 4241 1175 4314 haec
1200 4243 1437 4314 absolventur
1451 4239 1721 4327 voluminibus,

111 4391 269 4463 quorum
291 4391 471 4438 summam
488 4367 526 4436 in
545 4391 657 4438 unam
670 4391 791 4438 rerum
807 4367 1075 4464 nominumque
1089 4365 1250 4438 tabulam
1265 4365 1487 4460 colligemus.
1503 4366 1640 4449 Quarto
1656 4388 1720 4433 vo·

112 4491 251 4561 lumine
272 4491 434 4562 Arabum
448 4489 675 4586 geographos
695 4489 853 4560 minores
868 4489 1033 4561 edendos
1048 4491 1190 4561 curabit
1213 4491 1267 4562 vir
1281 4488 1502 4559 clarissimus
1515 4485 1720 4582 harumque

111 4615 296 4684 literarum
312 4617 349 4685 in
366 4615 491 4711 paucis
507 4615 746 4710 peritissimus
765 4617 864 4686 Nost.
879 4619 1118 4685 Dssvracsns.

158 4736 339 4807 Ordinem
357 4738 395 4808 in
413 4738 563 4834 singulis
576 4737 740 4834 partibus
752 4739 938 4834 sequimur
950 4738 1270 4834 chronologicum,
1288 4761 1362 4807 non
1381 4737 1431 4805 ita
1441 4750 1575 4821 tamen,
1589 4747 1632 4802 ut
1644 4730 1722 4802 ubi·

111 4887 180 4956 que
196 4861 291 4930 circa
311 4885 395 4931 eum
413 4861 646 4957 trepidemus.
666 4861 702 4930 Si
721 4883 803 4956 quae
815 4860 978 4954 ejusdem
997 4862 1069 4932 lere
1088 4864 1152 4932 aevi
1168 4863 1303 4956 scripta
1322 4860 1359 4929 in
1383 4859 1513 4929 eodem
1530 4869 1719 4926 versantur

112 5000 344 5080 argumento,
367 5009 633 5082 componemus
657 5007 716 5072 ea,
734 4985 901 5079 quamvis
923 4983 1046 5080 dispar
1063 5009 1156 5081 opus
1180 5009 1222 5054 ex
1241 4982 1318 5078 lege
1336 4979 1595 5075 elnouologica
1612 4979 1722 5046 inter-

112 5107 324 5203 ponendum
348 5107 452 5177 soret.
468 5113 578 5177 Porro
600 5107 629 5176 si
647 5107 821 5200 scriptum
845 5107 993 5202 aliquod
1023 5109 1136 5177 aetatis
1157 5120 1212 5176 est
1233 5107 1366 5176 certius
1389 5128 1465 5174 non
1489 5098 1720 5180 definiendae,

113 5232 168 5300 alii
184 5231 359 5326 jungetur
375 5229 495 5299 simili.
521 5231 579 5299 Sic
597 5231 633 5298 in
661 5230 780 5325 primo
797 5227 868 5298 hoc
886 5228 1072 5300 volumine
1098 5231 1268 5300 Arrianeo
1296 5227 1402 5297 Ponti
1424 5225 1554 5295 Euxini
1580 5221 1722 5320 periplo
