3950 5925
270 415 325 466 ιω
887 405 937 465 ιιι
960 407 1266 471 intumentium
1358 396 1360 401 ’
1780 416 1885 498 (αα.)

188 543 260 597 Plrot.
268 558 342 613 τερον
356 535 401 593 καὶ
418 537 453 601 εἷς
467 531 573 610 λογικὴν
590 535 782 611 κατα-χωρῆσαι
796 531 884 591 πίστιν
905 537 935 593 οὑ
948 536 1048 617 ῥᾴδιον.
1098 545 1172 601 lacile
1183 548 1269 602 cadet.
1306 548 1372 601 Nam
1386 566 1471 619 neque
1490 548 1561 603 unde
1571 552 1598 603 iu
1613 550 1710 614 locum,
1723 552 1770 605 nbi
1783 570 1886 609 tersen-

251 621 338 682 Ὀὔτε
349 622 400 700 γὰρ
412 620 488 680 πόθεν
498 623 533 687 είς
543 620 587 678 τὸν
599 622 696 699 χῶρον,
704 622 729 677 ἐν
744 610 904 699 ᾧοίκοῦσιν,
919 625 1052 703 ἀρίκοντο,
1096 636 1150 690 tur,
1165 630 1343 698 pervenerint,
1359 628 1509 696 cognitione
1519 631 1622 700 assequi
1634 630 1704 694 lieet,
1720 648 1808 703 neqtre
1820 651 1886 703 quo·

266 707 336 766 ἐστιν
347 710 504 786 ἐπιγνῶναι,
517 706 577 766 οὔτε
586 707 776 783 ἀπως,λισσῆς
789 706 836 782 μὲν
847 705 944 789 πέτράς
954 710 1051 770 ἀνωθεν
1096 706 1191 771 ¹¹¹0d0t
1207 706 1338 776 Siquidem
1357 706 1441 759 &vdua
1457 708 1495 759 ⁰5⁵
1512 718 1586 778 Ρθῑῐίι
1601 726 1650 761 cen
1665 709 1764 787 jugum,
1773 711 1886 783 desuper

267 797 473 872 ζπεζευρμέςης,
491 797 520 853 ιχ
535 794 648 869 πλαγίου
669 792 697 851 δὲ
710 799 835 874 κρημνὸς,
854 798 1051 877 mmmmm„
1096 786 1240 856 impendet,
1257 797 1283 839 et
1292 786 1435 857 praecipitia
1448 804 1480 839 ex
1495 787 1604 859 obliquo
1615 790 1739 880 transitus
1751 790 1884 856 adimunt,

240 908 253 947 ς
267 882 313 948 τὰς
323 883 462 963 παρόδους,
474 880 522 953 τὴν
537 882 565 940 δέ
579 882 704 940 ἀπέναντι
717 892 806 941 πᾶσαν
819 885 883 961 [τοὺ
897 887 1049 962 πελάγους]
1095 876 1121 917 ²⁸
1136 864 1208 957 ‘1¹¹⁰,d
1222 885 1255 919 θ’(
1264 864 1378 959 uidem,
1385 865 1451 959 ΙΨ
1468 866 1613 958 ωῑίῖθίθὺο
1624 877 1793 961 ,ῙΕΠῘΠΜῙΨι
1813 870 1884 943 <1¹¹⁰⁴¹

265 971 402 1048 ὁρίζοντος,
414 969 560 1049 ,χαὶῃζῇ
573 970 620 1047 μὲν
634 972 886 1039 &mmmm
898 965 1051 1051 (ὡςεγπω,
1095 954 1124 996 ut
1132 944 1341 1015 podibus(sicut
1351 944 1541 1018 drxrltransut
1552 955 1653 1016 nequit,
1664 965 1702 999 stc
1710 948 1812 1000 ratrbtu
1822 966 1884 1018 quo

266 1060 406 1137 ἀδύνατον,
421 1059 537 1140 σχεδίαις
550 1061 574 1119 δ’
587 1060 680 1136 ὁμοίοις
692 1060 790 1141 ἀπορία
801 1063 853 1119 τῶν
867 1063 930 1143 παρ’
945 1067 1009 1139 ἡμῖν
1025 1062 1051 1131 ἐξ
1095 1024 1208 1157 giffi’dig)
1215 1025 1461 1173 gisoegffaefflffi
1472 1026 1758 1158 igaesgiiffizisiieiil
1760 1038 1885 1163 ¹:121:qu

265 1147 322 1205 icoo
344 1146 453 1227 ἀπορον.
494 1147 604 1209 Τοῦτων
624 1147 651 1205 δὲ
674 1150 841 1228 ὑφεστώτων,
861 1151 944 1230 peni,
960 1150 1050 1210 λοιπὸν
1095 1194 1125 1236 ut
1138 1182 1241 1237 dpoefflr
1254 1123 1401 1254 aboriging
1421 1202 1486 1248 0550,
1508 1185 1553 1254 qm
1574 1185 1653 1255 primi
1666 1126 1773 1237 simmii
1788 1152 1884 1239 mmm).

265 1236 346 1291 ῑίπῑῖν
361 1238 396 1301 ὡς
419 1237 562 1312 αὖθῑίῑνῑῖί
577 1234 638 1310 ‘illi
656 1235 764 1312 μνήμην
778 1240 824 1295 τοῦ
842 1236 949 1317 πρώτου
970 1237 1052 1318 πέρ·
1094 1264 1161 1315 riam
1175 1281 1229 1315 non
1244 1265 1402 1335 acceperint,
1417 1263 1462 1316 sed
1473 1281 1520 1335 per
1535 1280 1615 1316 omne
1630 1280 1715 1317 rerum
1729 1265 1767 1317 ibi
1780 1268 1882 1320 exstite-

226 1347 252 1384 ιο
266 1344 350 1401 ματος
368 1323 398 1379 οὔ
419 1322 562 1399 λαθόντες,
587 1320 630 1379 ἀεὶ
653 1323 681 1381 δὲ
701 1322 882 1402 ὑπάρχοντες,
904 1324 933 1385 δν
955 1325 1051 1406 τρόπον
1094 1342 1158 1406 rim,
1170 1340 1395 1413 quemadmodum
1407 1342 1435 1394 id
1449 1340 1591 1412 (derebus
1601 1341 1783 1413 naturalibus)
1797 1344 1883 1415 phmj.

264 1409 326 1468 ἐνιοι
338 1413 390 1468 τῶν
404 1409 571 1485 καλουμένων
581 1413 710 1491 ὡρίσαντο
724 1412 850 1490 φυσικῶν.
1094 1437 1208 1485 corum,
1221 1421 1266 1490 qui
1280 1419 1454 1492 appellantur,
1469 1421 1590 1475 nonnulli
1599 1419 1804 1475 contenderunt.

305 1518 341 1558 ιι.
363 1496 429 1557 Ὀτι
451 1502 503 1557 τῶν
518 1501 615 1557 στενῶν
639 1497 778 1571 ἐπέκεινα,
802 1497 883 1579 ρησί,
909 1502 961 1557 τῶν
985 1523 1048 1579 συγ·
1130 1509 1173 1574 47.
1194 1505 1269 1558 Ultra
1281 1506 1412 1574 angustias
1420 1506 1484 1569 illus,
1497 1522 1555 1576 quie
1565 1504 1688 1559 Arabiam
1698 1514 1725 1559 et
1734 1507 1882 1577 oppositam

266 1585 405 1644 κλειόντων
420 1585 468 1656 τίν
483 1609 511 1645 τε
524 1584 649 1666 Ἀραὺίαν
668 1586 713 1644 καὶ
727 1585 775 1656 τὴν
797 1586 924 1646 ἀπέναντι
943 1586 1049 1666 χώραν,
1094 1592 1228 1660 nogionem
1249 1590 1384 1657 claudunt,
1410 1609 1505 1663 sparse
1519 1590 1609 1661 jeoent
1633 1591 1733 1657 insulae,
1755 1592 1884 1664 depmae

263 1675 338 1743 νῆσοι
351 1682 452 1731 κεῖνται
466 1674 613 1753 σποράδες,
629 1674 752 1732 ταπειναί
774 1684 873 1746 πᾶσαι,
899 1676 992 1755 μικραί
1012 1679 1049 1754 τῷ
1094 1694 1196 1741 omnes,
1211 1677 1392 1747 magnitudine
1404 1695 1500 1749 partie,
1513 1694 1627 1730 numero
1640 1677 1759 1743 infinite,
1781 1679 1882 1731 nullum

225 1792 249 1831 m
266 1760 384 1837 μεγέθει,
406 1761 437 1819 τὸ
451 1762 549 1832 πλῆθος
563 1762 708 1838 ἀμύθητοι,
729 1761 830 1843 καρπὸν
843 1762 936 1821 οὑδένα
951 1768 1050 1841 γεννῶ-
1094 1764 1128 1819 ad
1141 1768 1199 1819 vite
1210 1765 1424 1820 commodiorem
1434 1765 1550 1819 fructum
1559 1764 1733 1836 proferentes,
1744 1784 1834 1837 neque
1845 1786 1881 1820 sa·

183 1925 392 2001 breuitatem,
415 1926 484 1987 ώστε
508 1928 610 2001 πολλὴν
634 1930 746 2008 ἀπορίαν
767 1929 931 2009 παρέχεσθαι
948 1932 1003 1998 τοῖς
1015 1931 1049 1988 τά
1094 1941 1132 1993 sic
1143 1940 1259 2005 habitat,
1272 1952 1302 1993 ut
1320 1958 1441 2009 magnum
1454 1940 1514 1993 talia
1531 1940 1710 1995 scrutantibus
1727 1940 1885 2011 perplexita-

263 2020 373 2074 τοιαῦτα
388 2015 614 2097 ριλοτιμουμένοις
634 2018 733 2090 ζητεῖν·
754 2020 781 2076 ἐν
798 2019 850 2098 γθρ
871 2017 1050 2098 ἀποκρήμνοις
1094 2038 1146 2079 tem
1160 2044 1201 2079 res
1214 2025 1315 2080 allerat.
1353 2030 1385 2079 In
1398 2027 1620 2097 praeruptisenim
1638 2026 1748 2079 uallibus
1763 2026 1882 2078 nonnulli

263 2102 376 2182 φάραγξι
389 2103 559 2183 καθίδρυνταί
575 2126 655 2176 τινες,
667 2107 704 2171 είς
722 2104 751 2172 ἀς
766 2104 792 2172 ἐξ
807 2108 891 2184 ἀρχῆς
903 2096 935 2176 ἦν
949 2105 1048 2163 ἀδῦνα·
1091 2112 1239 2177 consident,
1254 2130 1309 2184 quo
1322 2112 1408 2165 mdlus
1421 2112 1455 2165 ab
1469 2112 1545 2164 initio
1563 2130 1681 2165 accessus
1692 2122 1783 2183 putero
1794 2112 1881 2164 borni·

261 2211 306 2247 τον
320 2188 503 2267 παραθάλλιιν
517 2190 576 2259 τοὺς
589 2190 750 2271 ἀνθρώπους,
764 2192 861 2251 ἀνωθεν
874 2191 922 2268 μέν
936 2192 1050 2270 ἐπεχοὺ-
1091 2199 1169 2251 ιιίίιιιε
1189 2199 1285 2269 ροιυίι.
1323 2200 1443 2268 Desuper
1463 2198 1534 2249 enim
1553 2198 1691 2268 praeoelsus
1712 2208 1739 2251 et
1764 2198 1884 2268 undique

221 2300 240 2337 τι
263 2298 310 2346 υης
334 2276 432 2357 πέτρας
453 2281 557 2358 ὑψηλῆς
577 2280 623 2337 καὶ
648 2280 812 2360 πανταχόθεν
840 2280 990 2356 ἀποτόμου,
1018 2282 1049 2339 ἐκ
1090 2286 1205 2338 abscisus
1218 2286 1340 2338 imminet
1353 2285 1520 2356 scoptdus;e
1539 2294 1688 2337 transverso
1701 2294 1791 2337 autem
1806 2286 1884 2336 inuiis

261 2364 381 2442 πλαγίων
390 2365 417 2424 δὲ
428 2370 553 2445 κρημνῶν
564 2368 914 2449 ἀπροσίτωνὺραιρουμένων
922 2367 969 2435 τάς
980 2392 1048 2448 παρ·
1089 2374 1239 2444 praecipitiis
1257 2375 1345 2427 omnis
1367 2373 1520 2444 pmeeiditur
1538 2370 1642 2437 aditus;
1662 2372 1795 2442 reliquum
1819 2372 1885 2425 latus

261 2450 350 2525 όδους,
365 2452 413 2523 τὴν
435 2454 462 2512 δέ
487 2454 581 2525 λοιπὴν
595 2456 711 2535 πλευρθν
732 2461 777 2514 τοὺ
792 2456 920 2533 πελάγους
941 2456 1047 2536 θρίζον-
1089 2480 1161 2514 muro
1175 2462 1316 2526 terminat,
1330 2461 1403 2532 quod
1423 2472 1453 2514 ut
1467 2460 1579 2532 pedibus
1599 2460 1705 2514 transiri
1719 2461 1835 2529 nequit,
1850 2462 1883 2512 ita

261 2562 318 2611 τος,
338 2539 353 2598 θ
375 2544 443 2619 πεζῇ
465 2540 513 2618 μέν
530 2544 641 2602 διελθεῖν
668 2544 804 2617 ἀθάνατον,
825 2546 943 2623 σχεδίαις
963 2545 991 2603 δὲ
1017 2547 1047 2605 οὑ
1089 2550 1185 2602 ratium
1198 2548 1285 2601 nullus
1298 2550 1409 2602 omnino
1428 2549 1490 2619 ipsis
1502 2564 1580 2612 usus,
1594 2548 1760 2617 navigiorum
1774 2556 1882 2609 autem,

260 2632 377 2706 χρῶνται
391 2630 421 2689 ri
435 2631 572 2709 παράπαν,
584 2632 682 2690 πλοίων
697 2657 726 2691 τε
741 2636 791 2691 τῶν
806 2633 868 2713 παρ’
883 2638 947 2709 ἡμῖν
962 2633 1046 2715 ὑπάρ-
1090 2638 1175 2708 qualia
1187 2637 1264 2690 nobis
1274 2647 1426 2708 suppetunt,
1439 2635 1510 2689 nulla
1523 2646 1562 2688 est
1576 2636 1679 2687 notitia.
1716 2637 1784 2702 Qun
1794 2652 1882 2705 quum

145 2710 149 2717 ’
220 2738 246 2775 m
262 2738 354 2795 χουσιν
369 2718 527 2788 ἀνεννόητοι.
570 2723 596 2779 Τ
597 2720 704 2791 οιαύτςς
718 2721 745 2779 δὲ
760 2724 870 2802 ἀπορίας
881 2722 942 2800 περὶ
954 2722 1047 2789 αιἰτοὺς
1090 2726 1126 2777 itn
1150 2724 1231 2777 dubia
1249 2726 1302 2777 sint
1319 2734 1346 2776 et
1366 2723 1505 2785 intricata,
1520 2730 1600 2774 restat
1613 2730 1644 2773 ut
1664 2720 1818 2789 aborigines
1835 2721 1882 2773 bos

260 2802 359 2879 οὔσης,
377 2805 546 2864 ὑπολείπεται
569 2805 654 2884 λέγειν
669 2807 827 2887 αὐτόχθονας
845 2808 938 2875 αὑτοὺς
958 2810 1046 2887 ὑπάρ-
1089 2830 1153 2875 esse,
1165 2810 1213 2881 qui
1226 2810 1324 2880 absque
1333 2819 1406 2861 certo
1416 2807 1590 2877 generationis
1599 2806 1731 2877 principio
1741 2824 1791 2876 per
1801 2824 1882 2857 omne
1949 2818 1950 2881 ι

261 2913 330 2971 χειν,
345 2891 429 2972 ἀρχὴν
444 2892 491 2970 μὲν
502 2898 548 2952 τοῦ
562 2893 667 2974 πρώτου
682 2895 770 2972 γένους
782 2895 914 2974 μηδεμίαν
929 2895 1045 2975 ἐσχηκό-
1088 2917 1192 2971 sempor
1225 2916 1310 2951 aevum
1333 2898 1376 2949 hic
1402 2896 1565 2960 exstiterint,
1590 2894 1772 2957 ullirmemus3
1805 2894 1880 2965 quod
1949 2890 1950 2931 ί

260 3002 322 3053 τας,
343 2981 384 3039 ἀεὶ
402 2982 425 3039 δ’
437 2981 463 3050 ἐξ
484 2985 576 3049 αἰῶνος
589 2983 745 3059 γεγονότας,
768 2984 888 3064 καθάπερ
911 2983 973 3042 ἔνιοι
993 2987 1045 3042 τῶν
1089 2989 1175 3059 ipsum
1188 2997 1288 3039 naturae
1299 2995 1458 3038 scrutatores
1466 2981 1574 3054 quidam
1585 2981 1619 3034 de
1627 2983 1729 3034 cunctis
1743 2980 1828 3033 rebus
1838 2999 1880 3032 nu·

260 3069 423 3147 ρυσιολόγων
438 3069 498 3149 περὶ
513 3071 620 3130 πάντων
644 3075 696 3129 τῶν
718 3071 960 3150 φυσιολογουμένων
975 3074 1045 3130 ἀπε·
1089 3074 1217 3126 ιιιιαΙίίιιιε
1240 3089 1385 3125 asseverare
1410 3087 1464 3122 non
1494 3067 1627 3120 dubitant.
1664 3069 1769 3119 Verum
1795 3085 1879 3136 quum

219 3178 248 3216 so
261 3155 387 3234 ρήναντο.
430 3157 568 3238 Ἄλλθγδρ
578 3156 639 3238 περί
651 3159 698 3232 μὲν
707 3162 760 3216 τῶν
770 3159 892 3217 τοιούτων
905 3159 1044 3238 ἀνερίκτου
1087 3159 1240 3230 hujusmodi
1249 3175 1339 3211 rerum
1351 3157 1467 3226 cognitio
1477 3152 1623 3207 intellectus
1633 3154 1717 3206 nostri
1727 3153 1798 3204 vires
1807 3171 1881 3206 exne·

259 3246 306 3312 τῆς
319 3244 434 3312 ἐπινοίας
445 3247 508 3322 ἡμῖν
521 3245 611 3318 οὔσης,
624 3245 698 3304 οὐδὲν
709 3246 805 3304 κωλύει
815 3244 874 3312 τοὺς
883 3245 917 3304 τδι
930 3248 1043 3306 πλεῖστα
1087 3247 1142 3312 dat,
1156 3247 1220 3318 quid
1241 3246 1352 3318 impedit
1363 3246 1428 3316 quin
1448 3243 1562 3315 plurima
1581 3251 1727 3294 astruentes
1746 3259 1783 3292 ne
1800 3241 1879 3292 urini-

261 3331 478 3408 ἀποφηναμένους
491 3334 619 3411 ἐλάχιστα
633 3332 781 3410 γινώσκειν,
800 3337 834 3400 ὡς
848 3331 975 3404 θιντῆςέν
989 3343 1044 3401 τοῖς
1087 3354 1158 3389 mam
1180 3334 1288 3406 quidem
1306 3343 1408 3405 partem
1427 3331 1615 3402 assequentur?
1635 3329 1708 3400 quod
1734 3327 1879 3380 verborum

259 3417 345 3495 λόγοις
367 3419 540 3490 πιθανότητος
560 3420 608 3490 riu
635 3420 682 3496 μὲν
705 3421 786 3493 ἀκοὴν
809 3419 964 3498 πειθούσης,
994 3421 1042 3492 τὴν
1085 3421 1255 3494 probabilitas
1267 3439 1343 3474 aures
1352 3419 1461 3492 quidem
1470 3417 1771 3491 enptmsedvertoiem
1780 3433 1880 3486 neque

259 3506 282 3562 δ’
296 3505 420 3577 ἀλήθειαν
433 3508 553 3582 οὐδαμῶς
568 3506 749 3588 εὑρισκούσης.
1087 3526 1158 3578 quun
1177 3509 1303 3560 inveniat.

217 3618 244 3656 ua
298 3612 335 3652 tt.
356 3593 466 3663 Ῥητέον
483 3596 505 3652 δ’
520 3600 584 3671 ἡμῖν
600 3595 645 3653 καὶ
660 3598 720 3674 περὶ
739 3599 789 3654 τῶν
804 3595 972 3672 καλουμένων
984 3599 1041 3658 Χε-
1121 3601 1154 3665 47
1169 3597 1254 3667 (Cup.
1265 3611 1296 3646 αι
1310 3594 1331 3666 ).
1345 3592 1522 3647 Referendum
1535 3609 1640 3663 quoque
1649 3587 1877 3660 derelonoplm-

257 3679 426 3760 λωνοράγων,
440 3679 468 3738 δν
489 3680 584 3760 τρόπον
607 3682 696 3762 ἔχουσι
717 3683 764 3752 τὴν
779 3681 841 3756 ὅλην
864 3684 978 3742 διάθεσιν
995 3691 1041 3743 τοῦ
1085 3683 1123 3750 gis
1139 3681 1211 3752 (sive
1222 3680 1255 3733 de
1268 3682 1309 3746 iis,
1322 3681 1368 3750 qui
1382 3679 1557 3732 testudinibus
1571 3679 1688 3730 victitent
1700 3676 1722 3748 ),
1734 3675 1875 3746 quomodo

259 3767 325 3845 βίου.
367 3771 453 3839 Nilum
467 3768 517 3848 γάρ
528 3771 578 3828 alni
593 3769 661 3828 κατὰ
675 3770 717 3829 τὸν
730 3770 859 3830 Ὠκεανὸν
870 3772 980 3844 πλησίον
992 3776 1038 3844 τῆς
1085 3789 1132 3841 per
1143 3780 1225 3823 totum
1237 3767 1348 3822 vivendi·
1360 3770 1489 3822 rationem
1510 3785 1566 3820 sese
1579 3775 1679 3835 gerent.
1718 3766 1789 3818 Sunt
1807 3765 1878 3815 enini

292 3937 384 4006 §46,l.
398 3954 424 3990 2.
438 3936 610 4009 ἀφίκοντο]
623 3939 817 4009 apamenum
833 3939 949 4010 ἀφίκοντο
962 3959 1042 3993 manu
1088 3945 1120 3993 Iu
1135 3939 1278 3993 setrnranice
1293 3938 1389 4006 engiile
1409 3950 1472 3990 sieut
1496 3933 1692 4007 Chelonophagi,
1714 3933 1878 3986 testudinum

255 4035 308 4068 scc.
321 4020 380 4083 11-
394 4018 419 4070 5.
434 4021 554 4089 πᾶσαν]
565 4037 602 4071 sc.
611 4019 728 4090 nicopoli,
742 4021 793 4072 nisi
804 4020 861 4073 brec
875 4039 926 4072 νοκ
940 4030 986 4072 eut
997 4038 1040 4072 ex·
1086 4018 1219 4090 superficie
1230 4036 1307 4070 casas
1321 4029 1439 4084 regentes,
1450 4035 1527 4068 curru
1539 4026 1677 4068 arescentes.
1689 4010 1879 4066 Artemidorus

255 4095 321 4148 cidit
331 4107 377 4149 aut
388 4097 416 4148 in
428 4100 508 4150 πᾶσαν
527 4110 650 4169 corrupta
660 4111 708 4152 est.
727 4099 817 4153 Verba
833 4103 878 4152 τοῖν
896 4099 1045 4169 πελάγουςε
1086 4107 1175 4150 nostru
1189 4095 1223 4150 de
1238 4095 1448 4167 Chelonophagis
1464 4104 1552 4146 namt
1566 4095 1593 4145 in
1606 4092 1786 4162 descriptione
1804 4091 1878 4142 sinus·

256 4175 376 4229 Diodoro
394 4179 525 4249 supplevit
537 4179 690 4232 Hudsonus.
709 4182 832 4233 Ceterum
847 4197 934 4232 sermo
955 4190 994 4232 est
1010 4179 1044 4232 do
1086 4175 1202 4230 Arabici.
1216 4175 1280 4228 Vid.
1296 4193 1375 4246 supra
1385 4183 1441 4226 not.
1455 4173 1496 4226 cf.
1510 4172 1611 4226 Plinius
1619 4173 1668 4236 tx,
1683 4188 1715 4224 ια
1729 4187 1737 4222 :
1753 4169 1877 4223 Testudi-

257 4254 391 4307 montibns
402 4255 505 4327 illisqui
517 4257 605 4309 Aurba
615 4258 701 4309 vocari
711 4257 804 4310 solent.
815 4259 851 4309 V.
863 4258 947 4310 Rittcr
956 4257 1040 4310 Erue.
1086 4266 1223 4307 uertantoe
1236 4252 1427 4321 magnitudinis
1441 4249 1564 4304 Indicum
1576 4249 1764 4310 neumentittit,
1780 4259 1810 4299 ut
1821 4247 1877 4300 siu·
1947 4247 1948 4264 ³

256 4335 279 4395 1,
289 4351 317 4403 p.
335 4350 385 4402 190
396 4351 436 4404 sq.
450 4344 461 4391 tt
474 4361 503 4382 =
518 4341 544 4387 6.
558 4334 688 4406 διελθεῖν]
706 4335 787 4389 ἐλθεῖν
804 4334 884 4389 codd.
904 4346 931 4387 ct
952 4334 1040 4401 editt.;
1084 4334 1206 4400 gulurum
1220 4332 1354 4405 superficie
1367 4328 1525 4384 dubitabiles
1542 4347 1619 4382 casus
1639 4329 1777 4395 θυώμασι,-
1798 4339 1877 4396 utque

255 4410 393 4464 cincudavi
410 4431 425 4464 e
442 4412 570 4466 Diodoro.
586 4413 719 4466 Bellicrus
739 4432 789 4485 pro
801 4415 816 4466 ὑ
833 4413 874 4466 καί
893 4413 975 4467 ἐλθεῖν
989 4413 1040 4484 leg.
1088 4414 1156 4465 iuter
1165 4412 1265 4466 insides
1277 4412 1360 4465 Rubri
1367 4410 1500 4483 precipue
1512 4409 1595 4463 muris
1609 4409 1651 4461 tts
1665 4407 1797 4474 navigent
1806 4425 1877 4474 erm·

255 4492 391 4562 proposuit
401 4489 425 4542 ol
435 4491 526 4545 ἐλθεῖν,
538 4493 554 4562 Η
562 4523 599 4532 -
607 4511 633 4562 7.
645 4493 817 4562 σχεδίαις...
834 4493 966 4564 ἄπορον]
979 4495 1042 4545 Haec
1086 4493 1138 4544 tte.
1153 4493 1300 4565 Cupiuntur
1314 4490 1405 4543 niuItis
1413 4489 1518 4562 quidem
1528 4489 1621 4552 modis,
1637 4487 1685 4541 sed
1694 4485 1810 4538 maxime
1821 4503 1877 4536 ere·

256 4570 322 4622 mele
333 4569 442 4622 l’botius
455 4572 595 4624 contraxit.
610 4571 646 4623 V.
658 4571 770 4625 Diodor.
783 4575 795 4638 ΙΙ
805 4603 841 4613 -
855 4593 881 4642 9.
898 4572 1040 4643 μνήμην]
1086 4583 1135 4624 cue
1147 4572 1174 4625 iu
1185 4569 1382 4642 stimmupclogi
1393 4569 1599 4622 antemeridiano
1614 4580 1726 4639 tempore
1741 4563 1876 4620 blandito,

255 4649 310 4710 AB,
324 4640 405 4716 λὺμην
415 4650 445 4701 C.
457 4650 535 4702 missa
544 4665 609 4701 voce
620 4646 675 4701 εἰσί.
687 4651 728 4701 De
739 4667 768 4701 re
777 4649 811 4702 cl.
822 4652 955 4703 Mannert.
968 4652 1005 4715 X,
1016 4668 1040 4716 1,
1086 4651 1210 4704 eminente
1219 4662 1273 4702 toto
1283 4649 1360 4701 dorso
1369 4667 1420 4721 per
1431 4648 1575 4720 tranquilla
1583 4647 1724 4717 fluitantes
1735 4665 1745 4696 :
1759 4661 1819 4715 quse
1835 4662 1878 4692 ινι-

255 4743 282 4796 p.
300 4727 344 4795 37.
1087 4731 1176 4802 luptas
1185 4729 1263 4782 libere
1274 4727 1397 4801 spirandi
1409 4727 1436 4780 iu
1451 4740 1554 4780 tontum
1566 4726 1647 4796 sullit
1661 4723 1760 4778 oblitus
1773 4721 1828 4782 sui,
1848 4733 1878 4770 ut
1946 4747 1947 4766 ι

290 4807 381 4875 §tut
396 4823 436 4860 12.
446 4826 468 4861 τ.
486 4813 609 4862 στενῶν
619 4811 673 4880 Jsc
682 4810 755 4862 sinus
762 4809 869 4862 Persici.
883 4812 936 4878 ΙΙ-
948 4809 1041 4876 titii
1085 4811 1150 4863 solis
1164 4828 1260 4882 rupere
1270 4808 1369 4861 siccato
1378 4807 1481 4868 cortice,
1493 4825 1543 4859 nou
1554 4817 1649 4878 qrieunt
1660 4803 1750 4870 merei,
1768 4801 1878 4854 inritu-
1946 4827 1947 4838 ι

255 4885 408 4940 ἀπέναντι
426 4889 553 4959 χώραν]
567 4889 743 4940 Carmaniam.
757 4889 849 4941 Sinum
863 4888 933 4940 illum
955 4889 1040 4941 Ptole·
1086 4907 1134 4960 que
1141 4889 1259 4958 fluitent,
1276 4899 1429 4960 opportune
1442 4885 1594 4938 nutrientium
1609 4883 1718 4957 prndio.
1733 4883 1833 4935 Ferunt
1851 4893 1877 4930 et

255 4983 335 5019 mirus
344 4967 437 5020 κόλπον
451 4963 608 5037 ίχθυοράγων
618 4967 745 5038 appellen
757 4966 813 5036 ejus
828 4957 1040 5036 tranquillitatem
1084 4979 1192 5039 putatum
1214 4983 1328 5034 egressos
1342 4977 1438 5028 noctu,
1458 4963 1585 5036 ‹tridrque
1603 4973 1741 5016 sutrimtns
1752 4961 1857 5012 Iusseri
1868 4981 1876 5009 .-

255 5057 384 5099 memorat
396 5045 496 5099 Plinius
508 5047 559 5110 IX,
572 5063 599 5109 a,
612 5064 692 5117 quem
703 5047 790 5099 locum
808 5045 890 5098 modo
903 5043 1042 5117 adscripsi·
1085 5060 1163 5118 utque
1180 5059 1208 5099 ιιι
1223 5045 1391 5099 remeaverint
1411 5045 1551 5108 matutino,
1566 5061 1669 5097 stimma
1691 5041 1718 5094 iu
1736 5059 1807 5112 uque
1830 5040 1878 5090 αθ-

255 5141 323 5174 mus.
336 5127 375 5177 De
387 5124 596 5196 Chelonophagis
610 5124 643 5177 ad
655 5127 821 5178 Cnrrnaniam
835 5125 922 5178 obitcr
932 5137 1041 5179 tuonent
1085 5123 1247 5178 {torrenter-re:
1258 5125 1287 5178 id
1290 5123 1371 5198 pmdi
1376 5123 1540 5176 stertentium
1545 5123 1642 5176 sonitu.
1657 5125 1721 5176 Tum
1730 5119 1877 5176 uduuture,

255 5201 377 5265 illi-lulli,
392 5207 408 5256 8
418 5208 468 5269 (et
478 5223 563 5273 ctupuc
572 5205 676 5256 Solimo
686 5226 710 5257 c.
722 5209 737 5258 8
748 5206 757 5276 l
769 5227 776 5270 ;
787 5205 942 5258 Ptolomeus
952 5208 1000 5268 Vl,
1014 5210 1039 5268 8,
1087 5204 1235 5275 leuiterque,
1249 5203 1361 5269 singulis
1373 5215 1457 5255 terum
1468 5225 1475 5264 ‚·
1493 5221 1510 5256 u
1521 5202 1622 5254 eliiobus
1635 5201 1661 5254 iu
1672 5199 1778 5252 dnnriuu
1792 5197 1877 5254 terti.

258 5285 282 5337 p
300 5283 361 5344 415,
373 5300 406 5347 9,
421 5285 569 5335 Marcianus
581 5299 608 5352 p.
621 5301 669 5348 υκι,
682 5284 804 5337 disertius
816 5287 914 5338 Plinius
928 5289 975 5350 l'l,
988 5290 1039 5338 28:
1088 5302 1103 5332 u
1124 5285 1200 5336 tertio
1223 5285 1339 5354 loqueum
1362 5283 1437 5353 iujici
1458 5283 1568 5355 utpium,
1590 5295 1667 5352 utque
1684 5280 1723 5332 itu
1738 5299 1751 5331 r
1764 5291 1838 5332 trrrn
1861 5297 1879 5328 n
1945 5315 1946 5320 ,
