3950 5925
161 372 265 449 tutat
787 382 899 440 oanis
923 384 1166 448 oascturrto.

217 505 331 583 l'ddup’,
345 502 410 563 droa
425 505 537 582 μέγιστα
550 506 665 583 γίνεσθαι
678 508 752 585 λόγος
988 525 1101 590 Gadita,
1118 528 1162 579 ubi
1178 532 1305 583 inarimos
1321 535 1390 584 nasci
1412 534 1477 587 lama
1494 536 1542 588 lert

214 592 292 663 κήτη.
310 591 391 651 Μετὰ
405 594 503 664 ταύτην
519 597 543 651 δ’
558 596 627 653 ἔστιν
643 601 749 675 ἡμερῶν
763 600 831 656 δυοῖν
988 623 1068 663 cetos.
1085 616 1146 666 Post
1159 615 1227 667 hanc
1238 622 1353 671 occurrit
1365 620 1439 673 bidui

212 680 348 737 τελέσαντι
362 682 444 739 πλοῦν
458 682 582 762 ἐμπόριον
594 684 783 763 εὐτυχέστατον
988 719 1095 753 emenso
1110 706 1299 771 navigationem
1313 707 1548 780 fortunatissimum

214 774 231 839 ἡ
244 767 374 844 λεγομένη
385 769 557 847 Ταρτησσὸς,
570 772 698 852 ἐπιφανὴς
709 773 802 843 πόλις,
987 792 1153 858 emporium,
1167 793 1302 846 Tartessos
1314 813 1372 865 quae
1386 808 1503 863 vocatur,
1518 800 1585 853 clara
1597 802 1675 867 urla,

161 877 199 913 ros
214 856 413 935 ποταμόρρυτον
427 857 580 934 κασσίτερον
593 860 624 915 ἐκ
638 864 684 928 τῆς
699 862 830 931 Κελτικῆς
987 887 1109 930 stannum
1124 898 1201 933 amne
1214 881 1352 935 advectum
1364 904 1395 936 ex
1410 886 1504 939 (bitica

211 944 308 1021 χρυσόν
322 967 349 1001 τε
364 943 409 1003 καὶ
423 945 523 1023 χαλκὸν
538 946 652 1027 φέρουσα
665 947 783 1007 πλείονα.
987 981 1133 1034 aeuumque
1147 978 1172 1019 et
1186 986 1219 1019 :es
1236 968 1320 1021 serens
1332 970 1485 1040 plurimum.

212 1031 328 1090 Ἔπειτα
342 1031 418 1111 χώρα
433 1033 549 1104 {lehaiath
563 1034 713 1110 καλουμένη
986 1051 1110 1119 Sequitur
1121 1051 1216 1105 deindo
1231 1064 1299 1107 terra
1310 1056 1380 1109 dicta
1391 1058 1486 1111 Celtica

213 1118 292 1198 μέχρι
310 1124 358 1191 τῆς
370 1120 501 1193 θαλάττης
514 1126 560 1193 τῆς
572 1120 640 1181 κατὰ
655 1123 753 1200 Σαρδὼ
764 1125 899 1201 κειμένης,
986 1138 1113 1205 usquead
1129 1156 1200 1191 maro
1213 1140 1284 1210 quod
1299 1142 1401 1210 objacet
1415 1144 1551 1197 Sardiniae.

211 1206 276 1288 ὅπερ
290 1207 414 1286 μέγιστόν
428 1212 483 1267 ἐστι
494 1211 557 1289 πρὸς
570 1212 681 1284 δυσμαῖς
694 1211 773 1277 ἔθνος.
986 1228 1052 1291 Quae
1064 1226 1170 1295 quidem
1180 1237 1247 1295 'gens
1261 1230 1342 1281 estad
1356 1250 1476 1283 occasum
1492 1235 1614 1285 maxima.

158 1316 199 1354 ιτυ
212 1296 268 1365 Τὴν
282 1296 329 1371 μὲν
342 1294 394 1373 γὰρ
411 1297 481 1363 ἐντὸς
495 1299 631 1355 ἀνατολῶν
644 1308 734 1357 πᾶσαν
748 1300 840 1377 σχεδόν
986 1312 1053 1363 Nam
1070 1312 1145 1363 sitam
1161 1314 1229 1365 intra
1240 1325 1327 1367 ortum
1342 1326 1438 1369 terram
1453 1317 1506 1369 iere
1520 1338 1625 1372 omnem

211 1386 324 1442 οἰκοῦσιν
337 1382 433 1459 Ἰνδοὶ,
447 1384 495 1455 τὴν
508 1385 535 1444 θλ
548 1387 612 1465 πρὸς
624 1388 791 1467 μεσημὸρίαν
985 1406 1074 1449 tenent
1088 1397 1162 1461 Indi,
1179 1399 1296 1452 meridiei
1309 1412 1395 1454 autem
1410 1403 1545 1457 obversam

211 1472 333 1534 Αἰθίοπες
346 1471 422 1549 ἐγγὺς
433 1472 548 1550 κείμενοι
559 1475 634 1533 νότου
648 1481 741 1546 πνοῆς·
985 1482 1118 1553 Aithiopes
1129 1501 1211 1554 prope
1222 1488 1301 1539 austri
1312 1488 1402 1540 ilatum
1419 1491 1514 1559 positi;

212 1559 256 1617 τὸν
271 1559 323 1617 ἀπὸ
335 1560 443 1639 ζεφύρου
458 1561 555 1621 Κελτοὶ
570 1562 599 1620 δὲ
611 1562 690 1642 μίχρι
705 1566 811 1638 δυσμῶν
824 1565 903 1623 τόπον
984 1586 1043 1638 quae
1053 1579 1139 1621 autem
1153 1589 1169 1622 ι
1182 1572 1302 1642 Zephyro
1314 1585 1351 1627 est
1363 1575 1435 1643 regio
1449 1577 1574 1645 usquead
1587 1596 1707 1631 occasum

210 1652 316 1727 θερινῶν
330 1649 448 1727 ἔχουσιν,
462 1650 507 1707 τὸν
520 1649 548 1708 δὲ
559 1650 623 1729 πρὸς
638 1656 735 1730 βορρᾶν
747 1653 857 1713 Σκύθαι.
984 1656 1112 1720 aestivum,
1127 1674 1185 1709 eam
1197 1657 1275 1709 Celtae
1289 1668 1378 1711 tenent
1386 1679 1393 1725 ς
1407 1660 1537 1743 borealem
1550 1682 1611 1715 vero
1622 1666 1732 1735 Scythae.

1476 1820 1500 1827 ..-
1523 1822 1604 1829 -..--.-.,
1627 1824 1719 1829 ...-...

157 1894 217 1939 rsst.
252 1888 386 1957 μέγιστα
411 1889 489 1955 κήτη
514 1891 523 1959 ]
550 1888 620 1939 Vide
651 1888 685 1941 de
721 1890 761 1941 his
785 1892 939 1943 Strabonem
985 1892 1085 1944 Plinius
1109 1895 1222 1957 1V,3‹;;
1242 1895 1381 1948 colleod.
1403 1899 1515 1965 11449
1537 1910 1563 1950 et
1586 1900 1673 1953 t'ater.
1696 1906 1766 1955 lllrrx.

153 1968 205 2030 lll,
221 1984 248 2027 2,
259 1986 275 2035 7
285 1986 313 2037 p.
325 1968 384 2019 115.
400 1970 410 2035 ΙΙ
423 1998 460 2007 -
474 1973 534 2019 162.
546 1970 617 2034 δηοῖν
627 1968 710 2020 codex
724 1972 734 2036 ΙΙ
743 2000 779 2009 -
795 1975 855 2031 164.
873 1969 939 2023 ἔπι·
984 1972 1059 2035 Vlll,
1075 1972 1115 2035 13,
1125 1977 1151 2035 4,
1166 1972 1210 2023 ubi
1223 1974 1419 2041 Arganthonius
1427 1978 1618 2029 Tartessiorum
1629 1999 1673 2031 rex
1685 1982 1767 2035 Gadi·

152 2047 266 2116 ρανής]
293 2047 331 2098 sic
354 2047 437 2117 pleuis
461 2048 543 2099 litoris
571 2048 665 2100 codex.
694 2049 829 2100 Fabricius
852 2051 939 2102 neseio
983 2059 1061 2099 tortus
1074 2060 1190 2112 vocatur,
1204 2052 1278 2103 sicuti
1287 2051 1378 2119 jocans
1393 2055 1484 2106 Cicero
1495 2055 1536 2107 lld
1552 2060 1606 2108 Aa.
1622 2060 1681 2121 Vll,
1697 2061 1722 2123 3,
1738 2078 1764 2111 11

151 2144 208 2195 quo
227 2126 301 2196 lapsu
314 2125 398 2179 edidit
413 2125 529 2196 ἐμφανής,
542 2126 614 2196 quod
633 2146 666 2179 ex
678 2146 710 2179 co
723 2130 827 2197 repetiit
841 2130 939 2181 Meloe·
981 2127 1142 2179 Gaditanum
1157 2129 1306 2183 Cornelium
1319 2131 1427 2183 Balbum
1447 2135 1606 2186 Tartessium
1618 2135 1691 2189 dicit.
1703 2140 1768 2191 Ter·-

151 2206 223 2269 ties,
237 2207 274 2258 ita
287 2216 385 2269 tamen,
400 2204 555 2275 υιέπιρανὴς
569 2206 649 2258 scrib.
665 2225 720 2258 esse
731 2208 759 2258 in
768 2210 938 2261 annotatione
981 2206 1017 2257 tia
1029 2205 1143 2275 denique
1155 2209 1283 2260 sententia
1295 2208 1404 2261 allertur
1417 2211 1624 2275 aStrabonelll,
1635 2232 1661 2284 p.
1681 2220 1729 2278 148
1743 2230 1768 2271 et

152 2284 901 2355 moneret-rectissime&Tarteswmultimultatoptima
911 2298 938 2339 et
980 2283 1108 2337 Pausania
1121 2288 1169 2348 vt,
1188 2305 1229 2355 19,
1243 2288 1257 2337 3
1271 2289 1315 2356 qui
1324 2288 1456 2358 perhiberi
1474 2289 1566 2342 dicunt
1584 2292 1646 2344 olim
1665 2296 1768 2348 Tartes-

151 2363 935 2435 oberrimaooporMorersirul.l.11‚p.59l„quemtuadeas.
981 2379 1039 2412 sum
1055 2364 1147 2416 urbem
1162 2367 1230 2417 inter
1245 2364 1299 2417 duo
1313 2358 1398 2418 ueris*
1410 2368 1481 2419 lluvii
1501 2372 1565 2421 ostia
1582 2373 1658 2423 sitam
1679 2373 1765 2429 luisse.

150 2445 287 2495 Summam
298 2454 385 2496 tameo
394 2442 478 2495 doctae
487 2443 672 2513 disputationis
685 2444 774 2512 paucis
784 2445 859 2495 lioeat
869 2444 937 2495 indi·
980 2441 1108 2509 Scyrnnus
1118 2462 1169 2495 see,
1182 2446 1341 2496 Hovcrsinm
1356 2445 1389 2497 do
1403 2447 1521 2511 Carteia,
1539 2466 1616 2517 quam
1634 2451 1701 2504 Mela
1713 2472 1767 2505 me-

149 2540 221 2573 aare.
234 2523 437 2585 Tartessiorum,
452 2523 537 2591 gentis
555 2522 672 2586 lberiw,
689 2523 771 2590 regio,
782 2522 936 2575 Phoenicum
981 2531 1086 2585 morat,
1101 2523 1232 2590 cogitavit.
1252 2522 1282 2575 ld
1298 2542 1360 2574 vero
1376 2523 1437 2575 lctri
1458 2528 1558 2596 nequit.
1580 2528 1646 2581 Nam
1671 2550 1695 2583 ν.
1719 2537 1765 2585 151

150 2601 276 2669 ernporiis
285 2600 347 2651 olim
357 2600 481 2663 oelebris,
495 2610 584 2670 postea
595 2599 713 2669 ejusdem
727 2602 841 2653 nominis
856 2604 937 2653 varie·
980 2595 1044 2649 dicit
1058 2619 1073 2652 a
1086 2601 1215 2653 columnis
1225 2603 1358 2654 Herculeis
1368 2602 1400 2654 ad
1415 2604 1552 2675 Erythiam
1562 2625 1616 2658 csse
1627 2612 1767 2679 navigatio-

150 2678 370 2731 tate'l'urditaoia
387 2678 476 2743 dicta,
489 2679 523 2731 ab
537 2679 685 2732 llnalluvio
698 2697 780 2748 iisque
794 2678 827 2731 ad
839 2679 936 2749 Calpen
980 2694 1040 2729 nern
1051 2678 1767 2759 dieiunius;aGadihusautemadTartessumduplum

151 2758 316 2824 (secundum
327 2761 527 2828 scymnum(v.
547 2776 586 2809 vs.
603 2759 844 2825 198)etltrienum
857 2762 935 2812 etiam
979 2758 1056 2825 ponit
1070 2759 1180 2823 itineris,
1193 2760 1265 2829 (ruod
1276 2779 1328 2811 non
1343 2763 1471 2813 orientem
1484 2764 1528 2814 sed
1545 2784 1665 2818 oceasum
1680 2787 1769 2821 versus

149 2835 183 2886 ad
221 2838 374 2889 orientalem
400 2838 493 2889 Iberire
516 2841 611 2905 oram)
636 2837 792 2906 pertinebat.
833 2840 934 2893 Nomen
979 2836 1177 2903 pergeredebct
1195 2838 1228 2889 ad
1244 2840 1352 2891 lluvium
1374 2841 1546 2894 stanniserum
1561 2846 1765 2917 aurilerurnque.

148 2914 234 2980 dedit,
247 2915 287 2968 vel
304 2927 374 2970 certe
391 2917 546 2984 oogmininis
564 2926 620 2968 crat
631 2916 726 2968 lluvius
743 2915 855 2969 mediam
875 2934 935 2988 per·
978 2915 1067 2968 Talem
1077 2916 1144 2969 lama
1157 2917 1270 2970 celebrat
1279 2921 1359 2970 Belin
1371 2938 1377 2982 t
1389 2930 1415 2971 at
1425 2922 1523 2974 Baetisa
1534 2923 1638 2976 Gadhis
1648 2930 1768 2997 proxime

148 2995 234 3046 ssuerrs
244 2997 395 3060 Tartessos,
407 2997 452 3065 qui
469 3006 558 3065 postea
570 3006 678 3048 vocatur
686 2997 773 3058 Baetis,
784 2998 851 3048 sicut
863 3000 935 3066 regio
978 2995 1066 3059 abest;
1082 3008 1126 3048 aut
1144 2999 1222 3064 igitur
1234 2997 1358 3066 usquead
1378 3001 1462 3051 Anam
1478 3001 1587 3053 lluvium
1598 3008 1765 3074 progredien-

149 3073 205 3143 ipsa
230 3076 322 3127 Baetica
339 3074 507 3127 denominata
524 3085 572 3127 est.
604 3075 671 3126 Urbs
690 3085 778 3126 autem
799 3077 935 3129 Tartessos
978 3073 1042 3126 dum
1064 3088 1116 3140 est,
1131 3089 1175 3129 aut
1189 3077 1330 3128 dicendum
1346 3078 1482 3147 Ephorum
1502 3080 1535 3132 de
1555 3082 1594 3133 his
1614 3088 1764 3152 regionibus

150 3155 221 3206 nulla
243 3173 358 3224 unquam
376 3154 439 3218 luit,
460 3154 506 3206 sed
524 3158 676 3208 Graecorum
695 3155 872 3224 quorumdam
896 3169 935 3210 cst
979 3155 1046 3205 male
1059 3154 1167 3207 doctum
1190 3156 1339 3210 distantiam
1356 3166 1458 3209 notasse
1469 3177 1620 3230 perperam,
1635 3180 1720 3231 oeque
1732 3163 1766 3215 de

148 3234 314 3300 figmentum.
327 3235 417 3286 Minus
434 3244 521 3285 tamen
535 3245 605 3285 recte
617 3235 762 3284 llloversius
776 3235 935 3287 contendere
977 3231 1251 3303 aliolluvioquamde
1263 3253 1383 3304 coquom
1399 3237 1490 3310 reliqui
1506 3249 1625 3290 auctores
1634 3241 1765 3295 celebrant
1788 3269 1807 3284 ·-

149 3312 255 3364 videtur
265 3314 352 3382 primo
364 3311 472 3364 deinum
492 3322 552 3364 ante
567 3312 665 3364 Christ.
685 3312 847 3364 saeculoram
863 3333 934 3368 com·
978 3313 1070 3375 Ba‘tin,
1084 3313 1217 3380 cogitasse.
1241 3313 1337 3364 llthoo
1351 3313 1458 3382 quidem
1474 3318 1688 3369 verisimillimum
1710 3339 1766 3372 esse

149 3401 241 3442 inento
248 3403 335 3442 natam
346 3409 411 3442 esse.
420 3393 486 3444 Nam
496 3390 624 3442 Herodoti
636 3391 714 3442 verba
723 3394 771 3454 IV,
786 3392 834 3442 152
850 3409 855 3442 :
874 3390 935 3444 Ἀπί·
979 3390 1092 3455 videtur,
1107 3402 1132 3443 et
1147 3411 1178 3442 ex
1196 3392 1369 3444 Eratosthene
1383 3403 1442 3462 apte
1456 3404 1541 3463 potest
1555 3395 1691 3464 explicari;
1704 3415 1764 3450 nam

148 3488 223 3520 ιοντο
253 3467 277 3530 ἐς
295 3471 446 3539 Ταρτησσόν·
472 3469 507 3522 τ“ο
537 3468 568 3521 δὲ
596 3468 749 3540 ἐμπόριον
783 3474 876 3522 τοῦτο
897 3466 933 3538 ἦν
977 3468 1021 3520 hic
1033 3486 1138 3540 quoquo
1154 3470 1337 3522 distantiarum
1359 3472 1385 3521 in
1407 3470 1455 3523 hac
1474 3473 1580 3540 regione
1590 3484 1642 3526 tam
1658 3477 1765 3542 ignarus

147 3547 271 3617 ἀκήρατον
295 3553 382 3600 τοῦτον
397 3549 440 3601 τὸν
458 3550 561 3618 χρόνον,
585 3559 675 3618 aperte
690 3547 783 3602 urbem
799 3548 932 3624 inditam,
976 3557 1042 3610 erat,
1058 3558 1087 3599 ut
1098 3558 1202 3618 putaret
1212 3548 1239 3599 τθ
1255 3546 1302 3600 ἀπὸ
1314 3547 1434 3618 Γαδείρων
1446 3547 1485 3601 tet
1496 3549 1524 3600 τὸ
1536 3550 1600 3619 ἱερὸν
1614 3550 1764 3622 ἀκρωτήριον

147 3631 271 3697 nequem
289 3629 404 3698 regionis
423 3627 461 3680 rel
476 3629 547 3680 lluvii
567 3629 727 3680 mentionem
748 3627 828 3680 verba
844 3627 934 3681 detor.
977 3625 1100 3696 διάστημα
1112 3625 1317 3696 ἀπέχεινῆμερῶν
1330 3629 1401 3680 πέντε
1411 3627 1500 3692 πλοῦν,
1512 3627 1540 3680 οὗ
1552 3629 1672 3682 πλειόνων
1684 3633 1764 3683 ὄντων

146 3709 225 3774 «tueri
243 3718 362 3777 possunt,
383 3727 470 3777 neque
486 3707 624 3760 violentam
636 3705 765 3776 ejusmodi
780 3709 933 3778 interpreta—
976 3705 991 3770 il
1009 3706 1098 3774 χιλίων
1117 3707 1158 3758 καὶ
1170 3706 1320 3759 ἑπτακοσίων
1338 3708 1454 3772 σταδίων,
1470 3718 1578 3762 testante
1594 3711 1765 3766 Artemidoro

147 3786 248 3838 tiorrero
264 3805 388 3840 excusare
407 3788 467 3838 lieet
488 3805 534 3851 eo,
562 3783 635 3856 quod
660 3785 721 3838 iode
742 3786 777 3838 ab
797 3787 933 3840 Herodoto
976 3801 1020 3852 ap.
1033 3785 1154 3836 Strabon.
1170 3787 1226 3849 111,
1241 3803 1269 3856 p.
1288 3789 1347 3847 148.
1362 3786 1543 3839 tteiehhardus
1556 3789 1706 3842 Tartessum
1725 3793 1764 3842 in·

147 3882 232 3934 iisqne
245 3865 278 3917 ad
289 3869 433 3936 Scymnum
443 3883 522 3918 nemo
533 3865 727 3917 urdis'l'artessi
736 3864 859 3918 disertam
868 3866 933 3919 lece·
977 3872 1017 3912 tor
1037 3865 1131 3916 Urium
1157 3875 1183 3916 et
1201 3869 1287 3917 Anam
1310 3865 1404 3918 lluvios
1419 3877 1506 3930 notat,
1531 3867 1694 3938 eandemque
1708 3889 1764 3922 esse

147 3947 183 3994 rit
193 3947 364 3997 mentionem.
379 3948 439 4015 lpse
451 3955 538 3997 autem
549 3947 687 4014 scymnus,
700 3962 782 4013 quum
793 3945 819 3996 io
835 3946 933 4016 reliqua
976 3954 1063 3994 censet
1075 3961 1134 3994 cum
1147 3944 1249 3994 Carteia
1258 3943 1373 4012 quadam
1383 3944 1458 4008 urbe,
1476 3962 1555 4014 quam
1568 3943 1664 3996 ibidem
1679 3957 1761 3998 notat.

146 4021 242 4074 lheriae
256 4022 432 4094 descriptione
442 4043 495 4075 non
506 4041 568 4085 suae,
583 4022 628 4074 sed
639 4023 765 4092 Ephoreae
779 4026 931 4092 astatisgeo.
976 4023 1044 4087 Qum
1071 4038 1161 4072 vereor
1181 4039 1213 4072 no
1236 4040 1268 4072 er
1294 4023 1400 4092 Scymni
1426 4023 1483 4074 loco
1506 4033 1584 4091 atque
1607 4025 1762 4076 testimoniis

145 4101 283 4170 graphioni
303 4102 437 4166 ethilreat,
459 4101 532 4154 urbis
545 4102 818 4170 quoqueTartessiex
838 4101 931 4156 eodem
975 4118 1079 4164 eorum,
1097 4102 1142 4170 qui
1153 4101 1304 4152 Tartessum
1325 4101 1499 4153 esseeandcm
1519 4119 1578 4152 cum
1593 4101 1694 4153 Carteia
1709 4105 1761 4170 (ad

147 4179 299 4230 meminerit
314 4180 432 4251 Ephoro,
446 4181 492 4250 qui
514 4179 607 4232 urbem
622 4180 772 4230 Tartessum
786 4179 877 4232 eadem
893 4201 932 4234 re·
976 4180 1073 4249 Calpen
1084 4181 1143 4248 sita)
1154 4179 1272 4243 tradunt,
1285 4179 1370 4231 elliota
1382 4181 1444 4244 sint,
1455 4179 1547 4232 collato
1558 4181 1632 4232 livio
1642 4183 1721 4244 XXI,
1735 4187 1760 4248 5,

147 4274 208 4308 rum
221 4258 368 4324 ignorantia
385 4258 452 4310 dixit
469 4277 522 4328 qua
533 4259 606 4311 πόλιν
619 4256 683 4309 εἶναι
694 4258 751 4327 μίαν
765 4258 819 4319 τοὺς
835 4258 932 4329 'lippae
976 4259 1020 4310 ubi
1031 4259 1079 4311 alia
1087 4258 1207 4328 quadam
1214 4257 1460 4322 Carteiaolcadum
1469 4260 1552 4326 gentis
1559 4260 1762 4328 caput,abllan-

147 4334 280 4404 tradidit(
299 4337 332 4389 lr.
352 4339 385 4406 39
396 4341 417 4406 ).
445 4337 548 4390 Deinde
570 4341 749 4390 Romanorum
769 4339 932 4406 temporibus
975 4338 1061 4390 nibale
1076 4337 1163 4389 diruta
1177 4355 1231 4388 csse
1245 4347 1376 4389 narratur.
1393 4339 1402 4404 ll
1420 4367 1456 4377 -
1477 4355 1590 4406 ποταμ.
1612 4339 1760 4391 κασσίτε-

144 4414 273 4482 patefacta
293 4417 435 4487 Hispania,
455 4429 569 4470 veterem
589 4417 700 4468 deurbe
714 4418 762 4468 ista
778 4419 930 4486 opinionem
976 4419 1050 4486 ρον]
1066 4419 1104 4468 De
1123 4417 1162 4467 his
1178 4415 1253 4485 plura
1274 4435 1299 4468 ν.
1315 4435 1358 4486 ap.
1382 4417 1476 4467 halen.
1492 4419 1542 4477 184
1562 4433 1631 4486 sqq„
1650 4418 1759 4472 Aristot.

144 4492 179 4544 ad
194 4506 295 4548 certum
302 4496 417 4565 aliquem
424 4497 511 4548 locum
526 4496 624 4548 relerre
632 4495 789 4559 studebant;
799 4506 826 4547 at
835 4515 868 4548 ne
876 4499 931 4550 lde-
974 4496 1036 4548 lllir.
1051 4499 1109 4562 147,
1121 4495 1245 4566 Stephon.
1258 4497 1320 4563 Byz.
1334 4513 1359 4545 ν.
1370 4495 1519 4562 Ταρτησσὸς,
1530 4495 1706 4548 Stesichorum
1716 4515 1759 4568 ap.

144 4569 169 4622 la
178 4572 296 4642 quidem,
313 4575 340 4626 in
355 4575 410 4644 ipsa
423 4574 671 4637 natusTartesside,
685 4574 847 4627 deTartcsso
864 4577 930 4629 urbe
974 4573 1096 4626 Strabon.
1109 4575 1158 4638 lll,
1181 4577 1239 4635 148.
1258 4572 1401 4640 Quomodo
1414 4573 1470 4624 hacc
1480 4572 1646 4641 intelligenda
1659 4576 1720 4638 sint,
1733 4579 1759 4627 in

144 4652 241 4704 certius
256 4653 383 4722 quiddam
402 4673 494 4707 eruere
509 4657 611 4726 potuit,
627 4655 790 4725 aliorumque
803 4657 927 4724 suspicio·
976 4652 1067 4722 vulgus
1076 4663 1187 4706 constat.
1200 4655 1210 4721 Η
1220 4683 1256 4692 -
1268 4657 1326 4720 167.
1340 4651 1411 4704 ”liae
1421 4653 1488 4722 ιτα]
1502 4653 1520 4702 i.
1536 4670 1559 4703 e.
1576 4652 1701 4722 reliquam
1712 4657 1759 4705 lli-

142 4747 205 4780 nern
224 4742 327 4784 notasse
346 4735 408 4786 satis
426 4735 505 4787 habet
519 4738 559 4798 11,
581 4740 616 4786 (ιι
640 4735 756 4794 (orteia,
778 4735 928 4804 etquidem
973 4734 1089 4801 spaniam
1107 4751 1122 4784 a
1139 4733 1260 4782 Tartesso
1275 4730 1372 4782 sireah
1386 4749 1580 4782 occasuversus
1594 4733 1721 4784 orientem
1734 4745 1759 4784 et

140 4820 251 4877 patierint,
264 4811 407 4882 aliqnando
425 4817 571 4866 Tartessia.
584 4813 625 4866 Cl.
643 4814 740 4866 Plinius
754 4816 803 4876 lll,
818 4815 851 4865 3:
867 4819 928 4866 (ar-
973 4830 1045 4864 marc
1066 4810 1194 4864 Sardoum
1219 4809 1296 4862 Celtae
1310 4809 1447 4870 obtinent,
1465 4821 1572 4882 excepta
1594 4821 1679 4863 tamen
1704 4813 1758 4882 ipsa

144 4887 198 4938 tria
214 4893 351 4942 Tartessos
364 4911 382 4943 a
396 4893 495 4945 Grecis
508 4891 593 4944 dictu.
609 4893 785 4962 Hieronymus
797 4902 862 4944 tom.
877 4895 926 4955 tv,
973 4909 1019 4942 ora
1033 4891 1172 4942 ntaritirna.
1189 4892 1255 4954 Quae
1268 4898 1415 4956 sequuntur
1427 4887 1461 4938 do
1477 4887 1605 4941 divisione
1620 4893 1663 4954 τῆς
1677 4889 1758 4940 οἰκου-

142 4983 170 5034 p.
186 4969 236 5030 254
250 4985 256 5020 τ
274 4969 409 5041 Oppidum
425 4976 573 5032 Tartesson,
586 4971 656 5041 quod
666 4990 733 5023 ιιιιιιο
750 4983 857 5022 tucatur
867 4977 927 5023 Car·
974 4972 1047 5038 μένης
1059 4971 1245 5040 petitasuntex
1255 4967 1373 5037 Ephoro,
1383 4965 1458 5035 cujus
1472 4967 1530 5020 ride
1540 4969 1572 5020 sr.
1590 4969 1633 5021 38.
1648 4971 1687 5019 Do
1698 4970 1757 5020 Sar·

142 5046 206 5098 reia.
221 5049 335 5117 Appian.
351 5051 400 5113 VI,
411 5068 445 5113 ας
461 5051 566 5103 Arrian-
579 5054 631 5104 hn.
645 5053 680 5114 ll,
701 5055 748 5112 163
769 5051 863 5102 hrien.
877 5053 924 5103 Or.
972 5050 1025 5102 doo
1038 5051 1102 5102 iurari
1113 5049 1148 5102 cl.
1161 5067 1185 5099 ν.
1203 5053 1252 5116 196
1266 5058 1291 5100 et
1304 5047 1488 5100 Eratosthenes
1500 5066 1543 5118 ap.
1560 5049 1626 5100 Plin.
1641 5051 1690 5110 lll,
1705 5065 1755 5100 ro:

143 5142 179 5175 m.
192 5131 252 5191 269.
263 5129 364 5180 (iarteia
377 5129 431 5182 tare
441 5129 474 5181 ad
485 5130 582 5199 Calpen
595 5132 643 5182 sita
654 5140 702 5182 est.
717 5129 766 5181 Alii
776 5131 926 5182 Tartessum
971 5129 1155 5180 Iirrrlortlrrnrs
1165 5139 1250 5178 utilem
1268 5125 1439 5178 interestium
1454 5126 1550 5178 Oceani
1568 5138 1593 5178 ct
1607 5126 1756 5178 Srrrdinimn

64 5241 70 5250 .
140 5203 175 5254 ad
188 5205 275 5256 Gades
288 5208 444 5272 retulerunt,
458 5219 484 5260 ut
498 5207 599 5260 Sallust.
612 5210 709 5259 llistor.
723 5207 767 5272 lib„
783 5211 816 5270 ll,
829 5209 860 5259 lr.
876 5210 924 5271 33;
971 5207 1101 5279 quidquid
1109 5220 1162 5267 cst,
1179 5205 1303 5256 Sardoum
1313 5205 1414 5274 sirium
1427 5205 1553 5276 rrprprllul.
1567 5207 1577 5272 ll
1594 5237 1628 5246 -
1644 5209 1702 5274 174.
1716 5205 1755 5256 te-
