3950 5925
437 366 488 425 nn
507 364 704 425 mouvuo
727 360 910 423 incanus
933 322 1083 425 renum
1106 365 1226 426 uinis
1249 367 1468 430 curruum.
1689 394 1764 440 scu

144 498 235 571 dicit,
262 499 304 558 its
317 513 485 577 comparata
503 500 618 568 sint,ut
637 517 673 555 ex
693 498 810 576 periplo
831 508 935 555 nostro
980 497 1142 575 ltimyrices
1161 503 1325 579 emporium
1338 504 1452 579 cst,scd
1467 504 1578 577 Nauia,
1595 520 1660 585 post
1676 530 1763 587 quam

147 593 298 652 Romanus
310 595 441 672 scriptor
456 592 752 653 desninsissedebeat.
767 592 880 661 Quodsi
899 593 937 649 de
980 596 1112 671 sequitur
1132 594 1247 671 Tyndis
1260 610 1288 654 et
1304 610 1365 655 tum
1385 598 1500 657 ‹lourum
1517 600 1653 673 Muziris,
1670 624 1765 681 neque

147 692 301 750 nonnullis
322 692 438 750 Plinius
467 691 584 749 diversa
607 690 654 746 vel
680 690 766 747 etiam
789 688 937 747 contraria
979 688 1121 765 Muzirin,
1135 691 1185 749 sed
1201 693 1264 751 loca
1278 695 1355 751 circa
1369 698 1546 755 Caenctarum
1559 698 1764 759 chersonesum

145 786 271 863 prodat,
286 806 323 844 ea
340 785 542 863 compilatoris
558 783 731 841 festinantiae
744 784 790 841 vel
806 778 935 841 oscitan-
979 787 1084 863 piratis
1107 789 1211 849 intesta
1230 788 1384 861 dicuntur;
1406 810 1499 868 neque
1522 793 1645 853 Nitriam
1664 797 1765 872 pirata

146 885 195 938 tiae
212 900 278 939 esse
299 880 468 957 imputanda
481 882 532 955 ι’).
555 879 710 938 Videamus
729 901 793 956 qua
810 900 857 938 tes
885 880 933 938 sit.
980 893 1088 952 tenent,
1105 883 1154 941 sed
1170 883 1499 961 Nauru,quanaNitria
1513 902 1562 947 aut
1576 909 1635 947 nou
1647 890 1766 949 diversa

147 977 266 1035 Plinius
277 993 346 1056 post
356 998 389 1036 ea
402 997 470 1054 quae
483 977 670 1054 supra§168
685 977 790 1047 citavi,
807 977 935 1071 primum
979 978 1075 1035 antei
1096 980 1232 1055 proxima
1261 994 1334 1051 erat,
1360 980 1484 1060 ἐμπόριον
1508 998 1645 1057 vocatum
1670 1005 1765 1063 neque

148 1072 427 1130 describitviamxb
436 1070 659 1129 Alexandriam
671 1071 841 1140 berenicen,
855 1071 936 1129 dein·
979 1071 1127 1133 mercibus
1142 1074 1262 1134 Muziris
1280 1090 1373 1149 caret,
1387 1079 1437 1137 sed
1456 1080 1569 1155 ἀκμάζοι
1583 1088 1635 1147 τοῖς
1652 1082 1704 1140 ἀπὸ
1719 1087 1765 1153 τῆς

146 1169 185 1226 de
206 1170 248 1227 ita
259 1171 377 1247 pergit:
406 1172 553 1242 Narigare
574 1174 710 1243 incipiunt
721 1180 821 1225 testate
841 1172 937 1225 medlo
978 1165 1101 1244 Ἀριαιιῆς
1116 1172 1151 1235 εἰς
1166 1168 1246 1240 αὐτὴν
1262 1171 1411 1248 ἐρχομένοις
1425 1174 1524 1241 πλοίοις
1543 1174 1588 1233 καὶ
1603 1176 1765 1247 ποῖςἙλλη·

145 1278 215 1319 ante
226 1267 412 1321 Canisortam
422 1266 621 1319 winlesores
626 1270 734 1337 potius.
745 1261 872 1339 Noster§
886 1264 935 1336 57,
979 1270 1070 1329 ιιιιοῖς.
1089 1262 1181 1332 Οιιιιιιι
1204 1266 1381 1325 narrationis
1401 1267 1598 1328 diversitatem
1620 1291 1679 1347 quo
1696 1272 1764 1349 quis

147 1380 179 1436 p.
191 1361 253 1433 ²9⁸
266 1358 341 1417 nihil
353 1359 411 1417 nisi
429 1380 437 1415 :
455 1358 572 1417 lllloust
585 1358 613 1415 ll
625 1360 661 1423 sle
671 1356 830 1434 altlvlolv
843 1364 937 1434 Λιμυ-
979 1370 1065 1434 pacto
1098 1358 1135 1415 ab
1159 1362 1340 1438 excerptoris
1373 1362 1549 1437 negligentia
1577 1366 1765 1443 repetiverit?

148 1453 244 1531 ριιιὴν)
258 1452 328 1510 κατὰ
340 1453 431 1531 καιρὸν
443 1452 600 1529 ἀναγόμιιοι
612 1455 659 1510 ἀπ’
671 1453 806 1531 Αἰγύπτου
816 1452 877 1532 περὶ
892 1452 936 1511 τὸν
979 1451 1073 1511 lmine
1086 1472 1155 1511 vern
1167 1454 1281 1513 Plinius
1296 1455 1462 1531 tradiderit,
1475 1478 1564 1535 quum
1586 1478 1683 1517 retunt
1703 1474 1765 1519 sta·

147 1547 261 1606 Ἰούλιον
278 1551 359 1623 μῆνα.
384 1547 500 1607 Plinius
518 1548 609 1622 igitur
621 1550 802 1606 accuratiora
821 1548 937 1606 tradens
979 1561 1027 1607 tus
1041 1550 1146 1625 viginti
1159 1550 1219 1609 sero
1230 1572 1374 1611 annorum
1390 1555 1499 1630 spatio,
1514 1575 1573 1631 quo
1594 1555 1685 1615 Plinii
1700 1556 1764 1617 lons

147 1663 210 1700 non
222 1642 330 1701 Nostra
344 1642 511 1700 festinanter
523 1643 681 1719 excerpsit.
695 1676 735 1685 -
748 1643 862 1701 Deinde
876 1642 936 1700 Pli·
979 1662 997 1701 a
1012 1645 1119 1721 peripli
1143 1647 1237 1705 nostri
1262 1659 1390 1725 tempore
1404 1648 1512 1707 distare
1531 1650 1657 1721 videtur,
1681 1651 1764 1711 facile

147 1740 242 1795 nius:
269 1742 392 1795 Veniunt
407 1744 517 1794 circiter
532 1742 631 1793 XXX
640 1741 689 1794 die
703 1742 802 1795 Ocelin
820 1742 937 1795 Arabioe
979 1743 1105 1812 mutari,
1120 1742 1280 1819 pirataque
1294 1745 1383 1801 aruris
1400 1743 1764 1823 llomanorum,quiquo-

145 1849 200 1889 out
230 1834 330 1889 Canen
354 1831 482 1904 masena.-
506 1839 628 1906 regionis
650 1832 747 1911 (Nihil
777 1832 881 1891 Noster
899 1834 937 1891 de
979 1836 1077 1893 tannis
1105 1836 1161 1893 linc
1180 1836 1355 1911 navigabant
1377 1846 1582 1914 sagittariorum
1610 1843 1764 1899 cohortibus

148 1926 226 1984 XXX
242 1928 357 1985 dierum
368 1927 488 1998 itinere,
499 1926 577 2003 quod
589 1940 684 1984 tamen
698 1946 758 1985 non
771 1928 856 1986 linxit
869 1928 936 1987 Pli-
980 1936 1129 2003 impositis,
1150 1931 1181 1987 in
1203 1933 1399 2006 atrgustiorem
1421 1954 1480 1991 ora·
1498 1947 1619 1993 tractum
1635 1938 1763 1995 coerceri

146 2023 244 2102 nius).
257 2028 309 2079 Est
317 2037 347 2079 et
356 2030 554 2098 tertiusportus
562 2032 612 2097 qui
620 2038 736 2081 uocatur
744 2028 843 2093 Musa,
856 2046 936 2100 quem
979 2026 1139 2100 potuerint.
1154 2026 1238 2095 Quod
1255 2046 1324 2084 vero
1341 2027 1455 2085 Plinius
1469 2028 1505 2085 de
1521 2037 1633 2086 narium
1646 2037 1764 2089 statione

149 2123 253 2176 Indica
264 2125 407 2193 navigatio
417 2140 472 2174 non
480 2126 574 2193 petit,
590 2140 641 2175 nec
664 2126 719 2176 nisi
732 2128 799 2176 turis
811 2124 938 2179 mierum·
978 2140 1000 2175 a
1011 2134 1084 2177 terra
1099 2124 1180 2194 lunge
1193 2136 1299 2177 irritata
1311 2120 1417 2197 babet,
1438 2121 1469 2179 id
1483 2142 1541 2179 nen
1561 2123 1598 2181 ad
1611 2124 1763 2199 lluzitim,

146 2234 203 2287 qtae
214 2216 402 2271 Arabicarum
411 2228 587 2280 mercatores,
600 2219 683 2272 Intus
693 2218 836 2293 oppidum,
854 2224 937 2291 regia
979 2212 1030 2269 sed
1038 2212 1074 2269 ad
1083 2212 1258 2289 Nelcyndam
1268 2214 1416 2292 pertinere
1424 2215 1552 2288 videtur,
1566 2238 1655 2295 qutun
1667 2218 1702 2278 de
1710 2219 1764 2277 hac

146 2320 221 2382 ejus,
240 2314 405 2386 appellatur
425 2314 566 2387 Sapphar,
590 2317 722 2389 aliudque
742 2318 824 2375 Save.
850 2320 936 2373 laetos
979 2309 1104 2369 statione
1113 2310 1170 2369 tate
1184 2309 1255 2388 quid
1269 2312 1428 2370 rectissime
1442 2312 1545 2373 Noster
1557 2314 1672 2391 prodat.
1686 2316 1764 2373 l‘rae·

146 2422 243 2463 autem
253 2411 410 2482 perennius
427 2412 603 2465 munimime
618 2424 664 2465 esc
678 2414 717 2467 ab
732 2414 810 2469 oceli·
826 2415 933 2486 egmli.
980 2416 1059 2463 terea
1079 2406 1116 2463 de
1130 2406 1316 2481 navigatione
1337 2426 1390 2485 per
1415 2408 1504 2465 altum
1532 2409 1657 2487 llippalo
1678 2424 1765 2469 vento

148 2501 349 2559 Nemorantur
359 2502 437 2580 apud
448 2502 583 2561 Nostrum
592 2505 611 2579 §
620 2525 655 2561 nr
669 2504 753 2563 liuza
763 2521 792 2564 et
802 2506 936 2584 Sapphar
981 2500 1160 2559 instituenda
1173 2500 1276 2561 Noster
1289 2504 1305 2578 §
1316 2503 1352 2575 57
1368 2523 1398 2581 p.
1416 2505 1473 2579 298
1485 2505 1604 2563 nonnisi
1617 2506 1643 2562 lu
1656 2506 1765 2583 παρόδῳ

147 2612 177 2654 et
199 2599 290 2670 Saee3
303 2612 333 2655 at
346 2598 458 2656 Musam
477 2598 578 2657 ludica
598 2599 785 2676 navigatione
799 2622 859 2661 non
876 2603 935 2681 poti
981 2610 1118 2674 tanquam
1134 2599 1170 2657 de
1188 2618 1219 2657 ce
1233 2598 1371 2657 omnibus
1386 2614 1453 2659 nota
1468 2602 1568 2679 paucis
1583 2600 1682 2661 verbis
1702 2623 1763 2659 mo-

148 2713 209 2751 non
220 2694 343 2765 dicitnr,
355 2694 498 2770 longeque
511 2696 634 2771 petitum
649 2696 738 2767 locet,
753 2698 859 2775 siquis
872 2710 933 2755 sta·
981 2693 1082 2753 naisso
1098 2694 1167 2753 satis
1185 2694 1281 2765 habet,
1301 2714 1353 2753 nec
1366 2696 1406 2753 ita
1417 2695 1472 2753 hoc
1488 2696 1555 2755 sacit
1572 2708 1603 2755 ut
1617 2698 1692 2774 apud
1705 2697 1764 2754 Pli-

150 2802 244 2849 tueret
259 2802 460 2867 excerptorem
469 2810 523 2849 sua
533 2792 669 2851 elicuisse
685 2813 723 2851 ex
736 2795 754 2869 S
767 2804 804 2863 nt.
819 2814 849 2871 p.
864 2795 933 2867 275,
981 2790 1063 2848 nium
1079 2791 1196 2866 legitur.
1218 2792 1296 2849 llicit
1309 2792 1386 2849 enim
1409 2792 1556 2869 proficisci
1573 2805 1674 2852 nautas
1685 2804 1765 2849 anta

150 2884 201 2941 ulti
213 2886 318 2943 (helin
329 2898 432 2942 auctor
444 2899 545 2943 narrat
556 2905 614 2943 non
629 2899 686 2945 tam
699 2889 863 2966 emporium
877 2909 938 2947 esse
979 2884 1060 2944 Cane
1072 2885 1188 2945 ¹brabite
1200 2899 1249 2945 aut
1258 2885 1295 2943 ab
1304 2890 1472 2945 Aromatum
1482 2888 1512 2943 in
1522 2884 1614 2962 Libya
1624 2906 1762 2963 promon-

150 3003 240 3058 quam
262 2981 346 3059 ὅρμον
369 2981 416 3040 xci
435 2982 551 3062 blpsupu
576 2984 622 3042 καὶ
645 2984 753 3064 πρώτην
779 2986 937 3063 καταγωγὴν
979 2983 1074 3052 torio,
1087 2995 1116 3040 et
1135 2996 1232 3056 petere
1245 2994 1294 3040 aut
1314 2981 1529 3058 indoscytlriam
1552 2993 1601 3038 aut
1619 2981 1766 3058 Barygaza

150 3085 205 3144 soie
226 3079 280 3134 leur
303 3077 445 3156 διαίρωσι.
472 3079 567 3136 Porto
590 3079 665 3136 nihil
691 3079 796 3138 Noster
812 3081 850 3137 de
871 3089 938 3137 turis
979 3091 1030 3134 mu
1046 3076 1223 3153 limyricen.
1240 3111 1279 3120 -
1302 3076 1400 3150 Pergit
1421 3076 1555 3135 Plinius:
1577 3079 1659 3132 Altus
1675 3081 1769 3133 utilior

151 3172 381 3244 mercatoribus3
401 3174 520 3232 nonnisi
544 3175 692 3250 myrrltam
714 3187 743 3232 et
768 3175 886 3251 lygdum
910 3189 938 3233 ct
974 3187 1074 3248 portin
1095 3181 1187 3250 gentis
1203 3177 1377 3248 Neacyndon
1392 3173 1401 3248 (
1415 3171 1493 3247 quod
1509 3184 1604 3230 ortum
1622 3171 1767 3231 rideture

152 3269 314 3327 Adulititas
325 3289 437 3327 merces
449 3289 467 3326 e
481 3269 567 3328 bluza
578 3270 729 3348 exportari
745 3271 842 3328 tradit.
862 3271 938 3329 lllud
979 3289 1076 3343 graeco
1089 3269 1243 3328 erxbvlun
1255 3269 1275 3345 ),
1287 3277 1333 3344 qui
1346 3283 1464 3324 uocatur
1473 3272 1580 3326 Becare
1593 3268 1601 3346 (
1614 3289 1764 3346 perperam

150 3386 288 3443 quoque:
306 3369 392 3422 Indos
401 3370 557 3440 petentibus
568 3370 746 3422 utilissimam
757 3370 939 3423 estabOccli
981 3378 1083 3423 contra
1104 3365 1190 3424 codtl.
1214 3366 1413 3423 auctoritatem
1439 3364 1538 3422 editur
1558 3367 1702 3440 Bnrace).
1721 3369 1768 3422 Ibi

148 3467 261 3536 egredi,
280 3466 310 3520 in
332 3463 453 3540 Periplo
472 3464 581 3538 quaeris
596 3463 712 3520 frustra.
729 3495 766 3506 —-
784 3461 855 3520 Post
878 3463 939 3521 lraec
978 3461 1269 3535 regnaturorum,
1287 3465 1368 3537 linge
1382 3461 1419 3516 ab
1430 3466 1553 3534 emporio
1564 3461 1766 3522 inmediterra·

149 3557 285 3616 Plinius:
296 3561 369 3614 Inde
374 3571 458 3614 vento
465 3559 581 3634 hippalo
587 3561 826 3631 nauigantdr'cbus
835 3561 870 3614 X
868 3563 892 3615 L
899 3563 941 3616 ad
980 3577 1034 3612 neo
1046 3561 1169 3614 distante
1179 3561 1300 3632 oppido,
1318 3559 1394 3632 quod
1405 3571 1524 3613 uocatur
1534 3558 1667 3615 Modura.
1681 3558 1768 3631 liegio

146 3662 273 3728 primtcm
295 3662 450 3730 emporium
477 3659 569 3714 tireio
585 3659 716 3712 Muzirim
735 3677 791 3712 non
807 3671 939 3732 erpetcn-
980 3669 1074 3712 autem
1088 3676 1126 3711 ear
1149 3676 1205 3730 qua
1221 3662 1307 3730 piper
1320 3657 1477 3728 monoxylis
1498 3656 1626 3710 lintribus
1641 3655 1767 3710 Becaren

148 3753 217 3804 dum
234 3764 351 3825 propter
371 3756 478 3807 uicinos
491 3757 610 3826 piratas,
634 3758 681 3826 qui
700 3759 830 3826 optinent
851 3755 939 3808 locum
980 3751 1138 3818 corruebant,
1157 3764 1274 3806 uocatur
1283 3751 1446 3807 Cottonara.
1456 3751 1630 3821 Quoeomttia
1640 3753 1766 3821 gentiam

149 3849 269 3907 ll'itr'uu,
302 3866 392 3920 neque
410 3859 455 3902 est
470 3850 618 3904 mandans
633 3850 777 3906 mercibus.
796 3851 940 3904 Praeterea
980 3861 1033 3902 aut
1044 3850 1207 3922 oppidorum
1222 3853 1337 3904 nomina
1350 3849 1429 3921 apud
1436 3853 1573 3903 nentinem
1581 3852 1708 3920 priorum
1720 3863 1766 3900 rn-

150 3947 235 4014 longe
245 3962 265 3996 a
276 3955 350 3996 terra
360 3942 442 3996 abest
452 3949 563 3998 naevium
577 3949 659 3998 statio
668 3945 846 4017 lintribusque
856 3942 940 4014 adse·
977 3949 1130 4016 perimitur,
1151 3963 1204 4017 quo
1219 3946 1340 4019 adparet
1355 3949 1459 3998 ιιιιιιιινιΙ
1473 3944 1592 3997 locorum
1608 3953 1705 3996 status.
1722 3941 1768 3994 Ee

148 4051 251 4091 noritur
263 4056 360 4095 onera.
376 4038 526 4109 Regnabat
538 4039 589 4107 ibi,
601 4057 683 4112 quum
692 4039 841 4112 proderem
855 4038 933 4107 lewe,
981 4043 1071 4096 India
1105 4046 1242 4114 navigant
1259 4059 1352 4096 iriense
1372 4045 1505 4115 AEgrptio
1529 4038 1597 4111 bei
1619 4041 1766 4110 incipiente

148 4133 358 4192 Ctelobotltras.
367 4131 402 4189 ln
415 4132 469 4200 his,
480 4133 505 4190 si
515 4137 592 4208 regis
603 4153 709 4192 nomen
719 4134 882 4211 exceperiS,
893 4135 939 4190 ni·
981 4149 1074 4192 nostro
1082 4133 1238 4202 Deccmbri,
1259 4147 1311 4190 aut
1321 4141 1415 4210 utique
1430 4134 1567 4190 Mechiris
1579 4136 1706 4206 AEgyptii
1720 4135 1766 4186 itt-

148 4229 191 4286 lril
219 4240 282 4298 est,
298 4227 379 4304 quod
401 4246 466 4284 cum
487 4227 586 4286 Nostri
609 4231 778 4288 narratione
802 4230 939 4307 componi
981 4243 1027 4286 tra
1049 4234 1122 4286 diem
1143 4243 1259 4298 sentum,
1285 4232 1358 4304 quod
1376 4231 1413 4298 fit
1431 4234 1506 4284 intra
1525 4229 1594 4283 Idus
1611 4229 1765 4282 latruarias

147 4325 253 4403 possit
268 4323 369 4400 Neque
393 4324 585 4400 quadraginta
612 4325 725 4384 dierum
742 4326 940 4402 navigationis
981 4341 1104 4395 nostram
1118 4334 1157 4384 ita
1175 4333 1277 4394 everrit,
1293 4340 1325 4383 ut
1336 4329 1431 4382 coelem
1443 4343 1518 4380 anno
1530 4335 1661 4380 renerent.
1674 4324 1767 4378 Navi-

147 4425 180 4478 in
204 4421 322 4498 periplo
344 4420 455 4478 mentio
477 4423 521 4495 tit,
547 4441 642 4499 neque
663 4423 784 4482 lluriris
808 4424 938 4501 primunr
979 4434 1156 4497 gmrtautem
1175 4443 1213 4478 ea
1224 4425 1313 4478 India
1325 4435 1403 4478 vento
1425 4423 1559 4476 Volturno
1569 4430 1604 4486 et,
1624 4437 1707 4492 quum
1725 4422 1766 4472 in-

144 4613 186 4661 die
201 4612 267 4662 itrdo
287 4612 373 4662 wcitcr
391 4613 495 4674 geliannt
511 4612 645 4663 trebenno
667 4614 709 4663 der
726 4615 839 4664 ostiiiste
858 4615 960 4676 Libycus
972 4615 1049 4674 geben
1060 4613 1125 4662 scine
1143 4611 1303 4660 Nacliriclrten
1315 4610 1360 4660 viel
1382 4607 1510 4665 siittticlier,
1526 4608 1562 4656 ets
1579 4619 1635 4656 mnu
1650 4618 1691 4653 um
1702 4604 1767 4654 disse

143 4682 262 4732 Zeiteioe
273 4685 350 4731 litiste
361 4681 528 4741 sermotiem,
541 4681 590 4729 ιιιιιΙ
610 4683 671 4731 nacti
684 4683 743 4732 alter
758 4683 1018 4733 Watusclreiniietiltcit
1031 4686 1071 4733 irat
1087 4683 1177 4731 Plinius
1196 4681 1277 4730 diesen
1291 4681 1348 4729 oder
1361 4679 1404 4727 mit
1418 4678 1467 4726 iiim
1481 4678 1585 4739 einerlcy
1606 4675 1707 4732 Qirclten
1722 4673 1767 4752 bey

143 4750 189 4800 der
199 4752 276 4802 stelle
291 4765 336 4800 ror
355 4757 448 4812 Augen,
463 4764 504 4798 wo
523 4765 550 4798 cr
562 4751 676 4812 belrenut,
694 4754 749 4803 dass
763 4755 873 4806 Seeteute
888 4754 963 4804 sciron
982 4755 1029 4804 vici
1046 4753 1165 4802 sudtictrer
1179 4755 1320 4814 getommen
1333 4760 1434 4807 warren,
1447 4747 1483 4795 als
1497 4759 1553 4796 man
1564 4743 1714 4808 geniiimiicii
1728 4742 1768 4790 dte

142 4822 255 4872 sititticlte
272 4823 423 4872 nuntrntnt
435 4835 482 4869 ιοιι
492 4821 574 4872 striis
587 4827 702 4873 anmtzte.
715 4846 727 4867 ο

175 4893 394 4953 ι’)ὃιιιιιοιιιιειιι.
413 4891 430 4938 Ι.
446 4891 463 4938 Ι.
477 4903 500 4952 p.
516 4895 559 4940 ³67
580 4906 614 4939 :a
628 4897 687 4942 nass
708 4893 797 4942 Plinius
816 4894 882 4943 nictit
893 4907 952 4956 ganz
966 4905 1044 4954 geuau
1061 4893 1084 4942 in
1096 4893 1158 4941 alien
1178 4892 1305 4940 Pinacium
1325 4891 1367 4938 mit
1379 4887 1435 4937 dein
1455 4887 1577 4936 Veriasser
1597 4885 1639 4932 dus
1659 4881 1767 4942 Periptus

141 4963 247 5022 stinurtt,
261 4963 318 5011 dass
329 4975 358 5010 er
368 4972 441 5022 seiger
452 4959 495 5007 das
505 4963 645 5022 Geguutiteit
659 4977 706 5012 von
719 4964 809 5013 diesem
822 4972 884 5025 sagi,
896 4967 926 5015 ist
939 4965 977 5014 liei
988 4965 1067 5014 seiner
1076 4965 1281 5014 oberunt-liticiun
1295 4965 1337 5012 Art
1350 4961 1405 5010 selu
1416 4959 1559 5020 begieiiiicii.
1572 4978 1583 5000 ιι
1598 4954 1697 5006 cautius
1708 4955 1766 5003 Vin-

144 5039 206 5084 cest.
220 5037 236 5084 Ι.
251 5037 267 5084 Ι.
279 5051 305 5099 p.
320 5043 369 5095 οὓς
381 5032 425 5096 qui
435 5045 513 5094 quum
528 5036 659 5086 nronuisset
667 5037 732 5096 apud
745 5037 847 5086 Plinium
862 5040 949 5093 {iussim
961 5039 991 5086 tio
1002 5037 1088 5086 iudicis
1098 5037 1155 5083 iocis
1169 5037 1193 5082 et
1205 5034 1324 5082 mercibus
1333 5032 1376 5092 tegi
1391 5043 1447 5092 quac
1459 5031 1531 5079 etiam
1543 5029 1566 5076 iu
1581 5026 1672 5089 periplo
1679 5039 1765 5074 occur·

144 5111 208 5164 runt,
221 5106 291 5155 uidit
302 5123 311 5154 ι
326 5125 341 5148 ι
355 5104 404 5152 and
425 5102 467 5163 §el
481 5102 549 5151 ttiere
560 5103 580 5152 is
589 5117 621 5154 no
632 5105 741 5156 absolute
750 5106 821 5168 presul
831 5108 882 5156 ttut
896 5109 973 5158 either
986 5106 1069 5168 copied
1077 5105 1138 5154 lrom
1151 5105 1192 5152 tiu·
1203 5105 1281 5153 nitier.
1295 5105 1340 5152 But
1352 5104 1418 5152 tirose
1428 5101 1486 5149 uiro
1493 5112 1534 5149 are
1545 5095 1688 5159 acqtteinted
1705 5095 1764 5142 nitu

145 5176 340 5238 nitamurque
351 5175 381 5225 ol
391 5171 577 5235 abbreviation,
592 5175 675 5226 would
687 5176 759 5226 mucii
772 5177 852 5226 rather
865 5179 994 5240 conclude,
1009 5177 1035 5240 is
1047 5189 1094 5226 one
1108 5177 1179 5225 rituti
1196 5175 1224 5224 be
1240 5187 1256 5224 tt
1271 5175 1362 5236 copiti,
1381 5173 1434 5222 ttiat
1448 5171 1485 5220 tris
1499 5169 1551 5219 title
1564 5171 1588 5217 to
1602 5167 1650 5217 titis
1663 5164 1731 5214 oltice
1743 5165 1764 5212 is

147 5249 185 5297 tue
196 5249 305 5298 cleatest.
321 5267 335 5290 ι

1644 5339 1673 5395 9.
