3950 5925
327 455 363 508 :tn
878 447 1060 510 scutacts
1080 444 1379 511 'caul'Attttttrtsls
1820 468 1850 545 (tr
1862 478 1880 524 rt

322 587 390 641 νειοό
409 586 530 659 ποταμοῦ
553 581 598 640 καί
612 581 739 658 Ὁμολίου
759 585 931 659 Μαγνητικῆς
949 583 1066 657 πολεευτ,
1087 584 1104 655 ἥ
1152 595 1304 649 Ilomolium
1324 596 1463 665 Magnesiae
1485 594 1629 657 civitatem,
1649 612 1704 665 quae
1723 602 1758 649 ast
1773 597 1837 667 juxta
1858 606 1892 655 θιι

323 672 378 727 ἐστι
390 669 464 751 παρὰ
480 670 520 729 τόν
533 670 660 746 ποταμόν.
704 668 865 750 Παρόπλους
880 670 907 728 δέ
919 674 966 741 τῆς
984 656 1106 750 Ἀμόρά-
1151 682 1232 734 vium.
1271 679 1498 749 PraetemavIgatio
1510 678 1652 733 Ambraciae
1662 690 1699 733 est
1709 681 1835 737 stadiorum
1847 706 1892 741 reu·

322 757 380 823 κίας
393 756 505 815 σταδίων
518 758 568 836 ρκ’.
1151 776 1206 819 turn
1220 768 1322 837 viginti.

362 864 398 903 at.
417 848 605 905 Auaruatrn.
627 843 707 905 Μετὰ
731 844 758 903 δὲ
772 843 933 925 ’Ἀμόρακίαν
949 844 1106 925 Ἀκαρνανία
1186 854 1230 916 34.
1244 857 1414 907 Acarnania.
1431 855 1494 906 Post
1511 850 1674 905 Ambraciam
1693 856 1828 909 Acarnania
1839 863 1894 927 regio

327 932 399 999 ἔθνος
413 932 483 1005 ἐστὶ,
498 932 543 990 καί
558 932 650 1012 πρώτη
661 931 736 999 πόλις
755 932 845 992 αὐτόθι
856 932 948 1014 Ἀργος
968 934 998 991 τὸ
1014 933 1107 1014 ’quu
1149 949 1205 1004 est,
1220 957 1251 991 ac
1264 940 1349 1010 prima
1359 938 1394 990 ibi
1407 938 1471 991 urbs
1484 940 1568 1007 Argos
1584 937 1807 1009 Amphilochicum,
1819 941 1894 997 deiude

321 1019 427 1098 λοχικθν
441 1020 487 1079 καὶ
501 1019 665 1097 Ἀνακτόριον
680 1018 725 1079 καὶ
737 1018 827 1097 λιμὴν,
845 1021 891 1079 καὶ
908 1021 957 1090 ἔξω
971 1027 1016 1079 τοῦ
1029 1020 1107 1080 Ἀνα-
1150 1026 1322 1078 Anactorium
1338 1042 1399 1077 cum
1413 1034 1503 1095 portu,
1518 1034 1544 1075 et
1560 1033 1632 1075 extra
1646 1026 1815 1079 Anartoi-icum
1827 1030 1894 1083 sinum

321 1112 443 1185 κτορικοῦ
461 1108 558 1167 κόλπου
583 1106 653 1166 αἵδε·
677 1107 754 1178 llus-A
775 1108 821 1166 καὶ
847 1108 921 1176 πολις
938 1108 1041 1176 Asuada
1061 1110 1106 1167 καί
1149 1110 1208 1177 (hae
1219 1127 1226 1162 ε
1237 1110 1248 1179 )
1259 1113 1324 1164 Acte
1335 1119 1362 1162 et
1373 1109 1436 1162 urbs
1446 1112 1544 1163 Leucas
1554 1126 1615 1161 cum
1624 1120 1708 1179 portu.
1720 1114 1778 1165 Acte
1788 1112 1834 1165 hec
1842 1114 1893 1166 desi·

317 1194 410 1270 λιμήν·
423 1193 489 1267 αὔτη
504 1196 592 1275 ἀνέχει
605 1195 647 1255 inl
657 1195 701 1253 τὸν
715 1194 861 1269 Αευκοίταν,
875 1194 891 1253 ό
899 1200 968 1255 έστιν
981 1194 1105 1275 &apoini-
1149 1199 1223 1250 nitin
1235 1199 1386 1263 Leucatam,
1395 1194 1468 1267 quod
1477 1206 1516 1249 est
1524 1198 1729 1267 promontorium
1736 1200 1893 1269 proculeman'

313 1302 376 1361 ,ρισν
388 1282 520 1361 πόρρωθεν
531 1284 600 1361 έντῇ
613 1282 758 1361 θαλαίττῃ*.
803 1282 905 1355 Atqu
919 1284 993 1350 πόλις
1005 1284 1106 1363 τοπρθν
1149 1284 1337 1357 [conspicuum
1350 1283 1370 1354 l.
1391 1285 1490 1337 Leucas
1510 1283 1575 1335 urbs
1593 1282 1655 1336 olim
1672 1286 1746 1337 etiam
1763 1287 1893 1357 Epileucadii

321 1369 368 1428 καί
381 1368 576 1430 Ἐπιλιυκοίθιοι
592 1371 769 1447 ὠνομάζοντο.
812 1371 968 1449 ’Ἀκαρνᾶνες
989 1370 1017 1429 δέ
1039 1395 1106 1430 στα·
1149 1371 1300 1424 vocabatur·
1339 1373 1489 1424 Acarnanes
1500 1380 1587 1423 aulem
1599 1364 1709 1423 dlssldlls
1720 1372 1894 1429 lnloetinislabu-

322 1456 459 1524 arrianista
473 1456 611 1536 ἔλσόομέκ
629 1457 759 1537 Κορίνθου
772 1459 891 1525 ἐποίκους
906 1457 1021 1537 χιλίους·
1035 1461 1059 1516 ol
1074 1458 1101 1515 δὲ
1149 1468 1245 1522 rantes,
1259 1456 1355 1509 millea
1369 1454 1513 1509 Corinthiis
1524 1454 1631 1509 colonos
1643 1474 1766 1527 accepere,
1782 1461 1893 1531 quiquam

321 1543 423 1601 ίποικοι
437 1545 651 1616 ἀποκτείναντες,
666 1543 764 1603 τούτων
777 1544 825 1616 τὴν
840 1544 931 1625 χώραν
945 1544 1019 1603 nicol
1032 1544 1107 1625 έχου-
1149 1548 1301 1599 Acarnanes
1323 1544 1522 1610 interfecissent,
1540 1544 1591 1615 ipsi
1612 1544 1712 1597 illorum
1729 1546 1822 1614 regione
1836 1550 1893 1619 potiti

321 1653 373 1690 otu.
418 1630 491 1703 gum
511 1634 534 1689 δ’
556 1633 612 1691 ἐστὶ
635 1637 680 1691 νῦν
697 1636 774 1703 νῆσος
792 1632 836 1690 τὸν
856 1632 948 1709 ἰσθμὸν
971 1635 1103 1691 ἄποπτα.
1148 1642 1219 1684 sunt.
1258 1629 1397 1684 Peninsula
1411 1630 1466 1683 haec
1479 1648 1552 1682 nunc
1572 1628 1655 1683 insula
1672 1640 1718 1695 est,
1733 1630 1893 1703 lossaperisth·

321 1718 453 1799 φρευμίνη
465 1718 480 1800 [
493 1718 604 1798 Εὔριπος
619 1719 758 1800 Διόρυκτος
773 1722 799 1778 έν
812 1722 849 1799 τῷ
862 1721 947 1801 ἰσθμῷ
957 1718 983 1799 ].
1027 1718 1103 1779 Aleria
1150 1736 1224 1771 mum
1237 1717 1316 1770 ducta
1331 1712 1473 1793 [Euripus
1487 1718 1628 1791 Dioryctus
1642 1717 1693 1769 sive
1709 1732 1782 1769 mauu
1797 1718 1894 1773 loous'n

221 1964 226 1977 ρ
319 1916 412 1951 rorum
424 1898 570 1953 ditionibus
583 1900 688 1953 Graeoas
701 1898 819 1950 civitates
829 1916 884 1969 prae
902 1900 995 1951 ceteris
1014 1909 1107 1952 auctor
1153 1898 1267 1967 regionis
1278 1906 1369 1948 contra
1377 1894 1477 1949 AEtolos
1489 1904 1647 1958 tutarentur,
1657 1894 1753 1965 Thyrea
1767 1906 1790 1947 et
1800 1894 1895 1949 lledcoai

321 1977 462 2030 recensuit.
1151 1975 1273 2047 prasidio
1288 1975 1450 2045 imposuisse.
1467 1972 1508 2026 CI.
1532 1974 1591 2027 Liv.
1617 1973 1762 2038 XXXVIII,
1784 1992 1806 2042 9.
1825 1976 1893 2045 ΡοΙιΙι

353 2057 371 2121 5
385 2055 428 2117 34.
450 2054 566 2126 Ἄργος
586 2055 621 2108 τό
643 2054 671 2107 'A
681 2074 736 2124 μρ.
750 2056 913 2127 ]Dionysius
926 2059 1025 2125 Anagr.
1039 2058 1073 2117 46
1082 2064 1109 2108 et
1151 2058 1200 2121 IV,
1221 2056 1266 2117 25,
1287 2058 1312 2117 4.
1333 2054 1381 2117 IV,
1403 2057 1429 2117 6,
1450 2069 1477 2117 a,
1492 2054 1600 2123 passim,
1618 2062 1645 2105 et
1653 2052 1725 2122 plura
1734 2070 1772 2123 ap.
1790 2053 1900 2121 Forbigert

206 2152 211 2159 ·
320 2134 450 2203 Scymnus
460 2135 511 2197 455
524 2138 608 2203 Argos
616 2134 846 2205 Amphilochicum
859 2145 984 2205 tanquam
994 2132 1108 2205 peculia-
1152 2137 1243 2199 Georg.
1262 2134 1311 2185 III.
1326 2150 1353 2203 p.
1374 2134 1435 2200 896.
1456 2142 1483 2183 et
1500 2132 1527 2183 in
1542 2130 1634 2201 Steph.
1659 2131 1734 2183 Thes.
1748 2149 1767 2182 s.
1781 2149 1803 2183 ν.
1817 2134 1896 2185 Emse

320 2212 883 2281 temditionemabAcarnaniadistinguunt.
892 2214 1108 2266 Acarnaniaeeam
1154 2211 1342 2276 lleichardum,
1355 2211 1400 2281 qui
1415 2210 1509 2263 urbem
1521 2228 1536 2262 a
1549 2208 1679 2262 Medeone
1697 2209 1818 2262 meridiem
1830 2228 1896 2262 versus

320 2291 1108 2362 ncoensetPliuiusIV,a.Cl.StraboX,p.1150.l.6u.Sci·
1150 2293 1243 2362 ponit,
1268 2290 1331 2343 inde
1352 2289 1456 2359 colligas
1478 2289 1551 2360 quod
1574 2289 1742 2343 Antiochusa
1760 2290 1834 2343 Strato
1849 2290 1897 2342 urla

320 2368 381 2421 lieet
390 2369 557 2439 Amphilochi
567 2386 651 2439 quum
662 2370 696 2423 ab
706 2370 891 2435 Ambraciotis,
903 2387 971 2440 quos
980 2372 1009 2422 in
1020 2370 1110 2423 civita·
1154 2370 1287 2441 proiectus
1299 2371 1414 2441 primum
1428 2367 1588 2421 Medeonem
1603 2369 1685 2433 venit,
1699 2367 1787 2421 deiude
1797 2370 1896 2439 lhyn'un

319 2447 355 2497 tis
362 2448 511 2499 societatem
521 2448 679 2512 acciverant,
688 2448 754 2501 urhe
763 2446 837 2517 ejecti
846 2458 942 2512 esseut,
952 2447 986 2500 ad
995 2451 1109 2501 Acarna·
1151 2466 1286 2519 aggressus
1306 2458 1354 2500 est.
1375 2446 1426 2500 Sed
1442 2447 1498 2499 hac
1509 2446 1589 2499 missa
1610 2446 1738 2501 iaciamus.
1753 2450 1810 2514 Qua
1825 2448 1897 2501 deinde

315 2543 367 2577 ‘nes
376 2528 545 2579 transierunt.
555 2528 669 2598 Utrique
675 2527 775 2579 auxilio
785 2526 915 2580 advocant
925 2526 1107 2591 Athenienses,
1152 2527 1180 2579 in
1193 2526 1284 2580 codice
1299 2525 1438 2596 leguntur,
1451 2536 1578 2578 mouente
1596 2527 1717 2591 Osauno,
1731 2527 1763 2581 ita
1772 2530 1897 2597 transposui·

320 2605 366 2673 qui
379 2604 540 2657 Phormione
554 2604 623 2657 duce
634 2604 816 2658 Ambraciotas
833 2604 1006 2658 debellarunt.
1019 2604 1109 2674 Ejeoto
1152 2623 1221 2670 mus,
1233 2616 1264 2658 ut
1275 2605 1447 2659 Anactorium
1459 2622 1474 2657 e
1487 2607 1549 2657 sinu
1559 2606 1715 2675 cognomine
1728 2624 1776 2657 nou
1789 2606 1896 2676 expellor-

320 2685 358 2735 sic
371 2682 456 2749 hoste,
469 2687 554 2755 Argos
568 2684 661 2738 urbem
677 2685 845 2756 Amphilochi
864 2696 891 2739 et
902 2690 1051 2740 Acarnanes
1068 2686 1108 2737 in·
1152 2695 1205 2738 tur.
1222 2688 1233 2754 ΙΙ
1246 2714 1283 2725 -
1295 2681 1405 2751 Ἀκτὴ]
1418 2684 1534 2754 Reliquis
1546 2685 1671 2737 omuibus
1678 2695 1716 2737 est
1727 2682 1819 2737 Ἄκτιον.
1830 2686 1897 2753 Neque

320 2760 426 2814 coluere
445 2764 633 2815 communiter.
658 2765 694 2815 V.
717 2763 840 2834 Thucrd.
863 2766 903 2829 II,
926 2766 969 2818 68.
996 2767 1036 2816 De
1057 2766 1108 2817 situ
1152 2762 1227 2817 aliter
1240 2762 1338 2816 dixerit
1350 2764 1451 2834 Scylax.
1468 2764 1559 2817 Fuisse
1578 2763 1641 2817 olim
1658 2774 1731 2834 putes
1745 2763 1808 2815 hunc
1822 2764 1843 2815 iu
1858 2780 1897 2814 no

320 2840 395 2893 urhis
420 2840 506 2914 (hod.
530 2842 642 2914 atleta)
664 2860 749 2914 prope
767 2842 880 2896 Neolori
901 2862 926 2895 ν.
952 2841 1039 2896 lealse
1059 2844 1107 2906 IV,
1151 2840 1216 2895 dum
1231 2860 1260 2895 ε..
1275 2843 1337 2895 αἵδε
1358 2842 1485 2913 [Ἀκτιον,
1501 2842 1542 2895 καλ
1557 2842 1621 2913 μετὰ
1636 2842 1740 2909 ταύτην]
1759 2839 1810 2905 ἀκτὴ
1823 2841 1855 2891 καὶ
1865 2842 1896 2891 τό·

207 2991 212 2998 ,
321 2936 348 2990 p.
363 2922 432 2986 238,
447 2922 615 2992 Pouquorille
629 2923 674 2988 II,
688 2939 715 2993 p.
739 2926 798 2974 rati.
815 2922 825 2991 ΙΙ
841 2952 877 2964 -
890 2922 941 2975 καὶ
965 2921 1108 2975 Ἀνακτό-
1152 2920 1189 2983 λις
1199 2922 1290 2985 Aeaeae
1300 2920 1369 2987 κτλ,
1380 2923 1430 2976 nisi
1443 2921 1510 2975 forte
1520 2922 1644 2976 librarius
1655 2921 1693 2976 uel
1702 2931 1824 2992 excerptor
1831 2938 1897 2972 rocon

320 3018 386 3068 ριον
409 3000 500 3070 κτλ.]
515 3001 656 3071 Sequentia
669 3001 737 3055 mire
751 3001 856 3054 turlaata
873 3011 935 3054 sunt
955 3003 982 3054 in
999 3000 1106 3066 codice,
1152 3002 1206 3054 αἵδε
1218 3002 1253 3055 de
1265 3021 1314 3056 suo
1328 3002 1427 3068 intulit,
1449 3004 1512 3072 quia
1530 3019 1597 3054 voce
1611 2999 1671 3066 ἀκτὴ
1690 3001 1775 3054 urbem
1799 2999 1896 3067 designari

316 3081 366 3148 qui
382 3080 417 3131 ita
431 3080 510 3132 habet
600 3079 687 3150 Ἄργος
701 3080 731 3132 τό
752 3079 936 3153 Ἀμριλοχικόν·
959 3081 1001 3133 καλ
1016 3080 1109 3152 εὔριπος
1151 3083 1269 3152 putavit,
1289 3099 1372 3152 quum
1393 3080 1483 3152 Scylax
1498 3081 1606 3133 nonnisi
1628 3079 1661 3132 de
1674 3091 1729 3132 octe
1742 3079 1830 3132 locutus
1842 3087 1895 3128 caet.

320 3159 362 3209 καὶ
375 3156 471 3228 οὔριτόν
492 3159 517 3212 έν
535 3157 668 3230 τῷίκονέῳ
685 3159 727 3211 καὶ
741 3159 787 3221 ἔξω
800 3164 843 3214 τοῦ
866 3159 1035 3231 Ἀνακτσρικοῦ
1048 3161 1108 3213 κόλ-
1150 3160 1232 3228 Quod
1258 3171 1330 3214 tanto
1355 3161 1436 3230 magis
1460 3159 1638 3226 crediderim,
1665 3157 1734 3230 quod
1763 3177 1830 3210 nemo
1852 3157 1898 3208 aliu

320 3257 368 3289 που
381 3239 444 3290 αἵδε·
463 3237 615 3309 Ἀνακτόριον
631 3239 673 3290 καὶ
689 3238 780 3308 λιμήν·
802 3238 896 3306 'Aesim
922 3239 996 3313 (sic)
1011 3240 1108 3294 καλπό-
1152 3241 1276 3292 Ilomanis
1301 3239 1463 3310 temporibus
1494 3240 1630 3310 antiquior
1652 3239 1759 3309 scriptur
1783 3236 1839 3290 Actii
1863 3235 1897 3285 lori

321 3317 358 3376 λις
374 3317 464 3378 Λευκὰς
477 3317 532 3370 κτλ.
547 3319 578 3369 In
592 3318 634 3370 his
650 3317 729 3370 rerba
741 3317 866 3388 εὔριπος...
883 3317 995 3390 έκονέιρε
1013 3319 1108 3388 glosse-
1151 3320 1315 3371 mentionem
1346 3317 1445 3372 lecerit.
1474 3319 1645 3372 Peninsulam
1675 3333 1736 3370 uero
1761 3313 1898 3369 leucadium

313 3406 390 3448 mate
408 3396 442 3448 ad
465 3395 603 3450 leucadiae
623 3396 827 3467 descriptionem
849 3399 998 3469 pertinente
1019 3400 1109 3468 inepto
1153 3389 1350 3462 'Anaqrdictam
1363 3415 1418 3450 csse
1430 3395 1507 3450 docet
1518 3397 1676 3469 Stephanus,
1691 3395 1735 3466 qui
1747 3403 1863 3465 postquam
1875 3391 1898 3441 tle

314 3477 379 3528 loco
391 3476 459 3530 illata
472 3487 549 3541 sunt,
565 3487 594 3530 ut
605 3478 749 3530 rectissime
762 3479 867 3532 monuit
879 3481 1011 3531 llIannert.
1025 3480 1107 3544 VIII,
1153 3477 1219 3527 Acte
1240 3476 1326 3530 Attica
1346 3485 1372 3527 et
1391 3477 1524 3546 Magnesia
1544 3474 1667 3540 dixerat,
1683 3475 1763 3546 pergit
1777 3488 1782 3523 ι
1799 3470 1856 3522 Ἐστι
1870 3469 1899 3520 κοί

312 3573 347 3624 p.
358 3557 402 3624 73,
415 3559 462 3626 qui
473 3557 538 3608 ακαλ
547 3555 643 3626 οὔριτόν
652 3556 819 3610 bencelicuit
829 3557 958 3626 Διόρυκτος
968 3577 976 3622 ;
987 3555 1060 3627 quod
1070 3575 1109 3610 se·
1153 3550 1221 3622 ἓτέρα
1240 3551 1411 3623 Ἀκαρνανίας,
1433 3547 1462 3620 ἧς
1479 3556 1602 3625 μέμνηται
1621 3554 1775 3626 Δημόγετοςρ
1787 3549 1838 3601 dein
1855 3547 1899 3600 alias

320 3635 422 3702 quitur,
436 3653 489 3686 nou
502 3635 590 3687 minus
600 3645 774 3705 corruptum,
789 3635 814 3688 έν
826 3641 862 3706 τῷ
874 3634 968 3706 έκσνέῳ,
981 3637 1108 3688 intactum
1152 3641 1221 3684 actas
1240 3631 1329 3698 addit,
1349 3633 1442 3686 urbem
1464 3651 1527 3687 vero
1546 3631 1628 3704 hujus
1644 3633 1756 3686 nominis
1774 3629 1850 3690 ιιεντίῐ,
1865 3645 1899 3676 nu

310 3712 441 3781 reliquit,
460 3729 620 3782 quamquam
639 3713 770 3766 lenissima
785 3732 866 3766 manu
888 3716 974 3766 sanari
995 3725 1106 3785 poterat.
1152 3727 1263 3782 usquam
1282 3713 1391 3783 reperiri
1412 3723 1488 3784 puto.
1507 3716 1518 3783 44
1537 3742 1573 3753 -
1594 3713 1670 3779 αὔτη
1690 3709 1846 3779 όνέμ,ει]νε.
1859 3715 1900 3756 acl?

321 3791 453 3843 Nimirum
468 3791 578 3862 ttiotttq
592 3791 714 3844 librarius
727 3794 830 3863 scripsit
838 3810 889 3863 pro
900 3791 1010 3864 ΙΣθΜῳ.
1026 3795 1109 3862 Igitur
1152 3789 1291 3843 leucadia.
1306 3794 1358 3844 Pro
1375 3790 1458 3862 ἀνέχει
1472 3791 1560 3845 nescio
1572 3809 1607 3844 an
1622 3791 1699 3844 luerit
1711 3787 1796 3854 ἀνήκει.
1808 3787 1900 3838 &tenuo

314 3869 401 3922 uerba
423 3871 552 3941 Διόρυκτος
566 3870 591 3924 ἐν
612 3876 648 3942 τῷ
668 3870 750 3943 ἰσθμῷ
771 3871 840 3925 infra
854 3890 904 3925 suo
923 3872 982 3925 loco
1004 3874 1109 3926 uncinis
1152 3881 1237 3924 totum
1262 3872 1314 3924 hoc
1335 3884 1414 3943 caput
1432 3873 1529 3926 laceros
1549 3871 1681 3924 uberioris
1700 3867 1759 3923 olim
1778 3863 1900 3918 narrationis

314 3947 422 4002 inclusa
430 3951 597 4003 inseruimus.
606 3949 871 4022 Reliquiinterpretes
880 3969 944 4005 rooe
954 3950 1049 4021 εὔριπος
1057 3952 1107 4005 lie-
1152 3962 1276 4005 centones
1289 3952 1404 4005 exhibet.
1424 3952 1436 4020 44
1453 3982 1489 3993 -
1510 3952 1674 4004 Δευκάτοιν
1692 3951 1724 4016 ό]
1741 3948 1857 3999 leunensis
1868 3961 1899 3992 co·

312 4029 497 4100 ·turnaliquod
508 4031 581 4082 sinus
594 4029 744 4083 Ambracici
754 4030 793 4082 vel
804 4032 883 4084 etiam
895 4031 988 4084 utlrem
1003 4030 1107 4101 Εὔριπον
1151 4029 1202 4082 dex
1213 4051 1220 4096 ;
1232 4049 1284 4085 em.
1297 4031 1388 4101 edictu
1401 4061 1436 4072 -
1450 4030 1614 4102 πόρρωθεν
1631 4029 1681 4097 έν]
1696 4029 1719 4082 έν
1730 4026 1836 4079 inseruie
1848 4020 1898 4088 conj.

314 4106 354 4157 ad
367 4109 490 4178 euripum
503 4109 617 4178 aliquem
631 4110 708 4161 sitam
721 4109 827 4178 intelligi
840 4110 989 4163 voluerunt.
1003 4111 1046 4163 Sic
1060 4114 1108 4165 La·
1153 4111 1299 4175 Gronovii;
1317 4120 1377 4181 post
1392 4110 1503 4183 θαλάσσῃ
1515 4109 1644 4164 excidisse
1658 4107 1758 4160 videtur
1768 4105 1859 4156 ἄποπτον
1872 4098 1899 4148 rel

314 4186 395 4254 piens
406 4188 535 4257 Euripum
545 4187 640 4240 urbem
648 4188 724 4240 sitam
734 4187 813 4241 lauisse
826 4191 972 4261 suspicatur
983 4190 1029 4242 ubi
1038 4209 1109 4244 nurrc
1154 4188 1327 4259 έκραινόμενον
1344 4189 1383 4241 vel
1402 4189 1452 4242 talc
1470 4189 1550 4259 quid;
1564 4192 1640 4261 πέτρα
1656 4182 1785 4256 τηλεφανὴς
1801 4181 1899 4232 diriffltt

321 4276 358 4316 ist
374 4268 601 4320 monasteriolus.
614 4268 731 4335 Georgii,
748 4285 820 4319 «sur
830 4268 853 4320 la
865 4271 949 4339 partie
963 4271 1058 4322 etroite
1075 4271 1109 4323 de
1152 4267 1300 4319 Menandro
1323 4285 1366 4338 ap.
1390 4267 1545 4320 Strabonem
1560 4269 1602 4332 X,
1616 4285 1644 4338 μ.
1661 4266 1728 4330 452,
1743 4263 1784 4315 ubi
1799 4257 1854 4310 ride.
1868 4255 1899 4306 Sin

321 4343 345 4395 la
364 4345 421 4398 lmie
434 4344 468 4397 de
478 4346 684 4409 Caravanserail,
697 4348 742 4416 qui
757 4345 840 4398 forme
861 4365 898 4399 uo
909 4349 1010 4417 earipe.
1026 4373 1036 4394 ι
1058 4350 1108 4402 Sed
1154 4345 1227 4398 malis
1237 4347 1319 4416 πόρρω
1329 4346 1361 4407 εἰς
1370 4343 1415 4410 τὴν
1426 4346 1562 4410 θάλασσαν,
1574 4346 1640 4398 nibli
1649 4343 1769 4413 refragor.
1782 4343 1791 4406 ΙΙ
1801 4369 1831 4379 -
1842 4335 1900 4386 Ἐπι-

321 4441 407 4492 nequc
426 4425 482 4477 haec
503 4442 589 4495 neque
608 4424 658 4476 alia
671 4426 743 4476 sinus
763 4442 824 4495 pars
843 4427 950 4497 euripus
966 4436 1036 4479 recte
1056 4427 1108 4480 dici
1153 4425 1331 4493 λευκόδιοι]
1346 4427 1388 4478 Sic
1399 4427 1543 4478 Hecataeus.
1553 4443 1595 4496 ap.
1612 4424 1734 4495 stephan.
1750 4439 1770 4472 s.
1785 4437 1816 4482 v.;
1829 4413 1899 4468 tearu-

321 4515 433 4573 poterat,
443 4506 492 4557 uisi
506 4504 573 4557 sorte
586 4505 798 4575 angustissimum
809 4506 882 4558 sinus
892 4507 1000 4571 ostium,
1011 4505 1044 4558 de
1055 4524 1109 4577 quo
1153 4505 1288 4557 καὸιοοτῶν
1303 4505 1463 4574 ὠνομάζοντο
1482 4503 1575 4557 codex.
1595 4507 1605 4574 [Ι
1620 4533 1656 4544 -
1676 4499 1898 4555 ἀποκτείνοντες,

322 4583 373 4634 hoc
392 4583 451 4635 loco
473 4585 581 4654 cogitari
600 4585 701 4654 nequit.
720 4585 871 4638 Gronovius
892 4587 996 4656 putavit
1013 4584 1108 4656 εὔριπον
1154 4585 1270 4638 τοῦτων
1283 4585 1322 4637 vel
1337 4583 1379 4638 ἀπ.
1391 4583 1505 4647 τούτους,
1516 4586 1526 4651 ]
1539 4583 1593 4647 dan,
1610 4587 1696 4636 τοῦτον
1706 4577 1794 4633 codex.
1807 4571 1899 4658 Hiulcaut

316 4673 477 4732 corruptum
495 4679 551 4715 esse
570 4681 603 4715 ex
621 4661 739 4732 Ἐχίνας,
761 4662 856 4715 collato
871 4663 957 4717 Plinio
969 4665 1015 4733 qui
1028 4663 1061 4716 ad
1075 4668 1109 4717 si·
1153 4665 1299 4716 orationem
1315 4664 1418 4733 nequis
1435 4665 1553 4716 miretur.
1570 4665 1610 4715 De
1630 4657 1765 4714 Leucadiis
1783 4650 1901 4708 Corintluo·

316 4759 387 4792 num
406 4741 592 4794 Ambracicum
604 4741 683 4794 urbes
697 4751 832 4796 recenset:
849 4742 1011 4805 Heraclium,
1028 4745 1108 4798 Eclet'·
1152 4759 1212 4794 rum
1228 4741 1327 4794 colonis
1340 4742 1420 4794 verbo
1436 4752 1544 4794 monent
1557 4740 1708 4793 Herodotus
1721 4737 1780 4800 Vll,
1796 4732 1834 4795 45,
1847 4727 1901 4779 ΤΙιιι-

315 4837 393 4881 Mm,
406 4817 524 4881 Aelium,
535 4821 608 4873 013¹·
622 4822 683 4890 1352.
696 4839 721 4873 v·
736 4818 846 4890 Ἐχῖννς.
857 4823 941 4874 Porro
952 4837 1002 4891 gno
1012 4820 1109 4892 οὔριτθν
1148 4820 1260 4892 cydides
1270 4823 1293 4885 I,
1306 4821 1350 4883 30,
1368 4823 1496 4892 scymnus
1506 4825 1567 4885 464,
1579 4822 1688 4890 Dionys.
1700 4816 1756 4870 Hal.
1767 4818 1796 4868 A.
1805 4813 1832 4864 ll·
1842 4810 1858 4869 l·
1869 4809 1900 4865 θ’·

314 4899 347 4951 έν
361 4904 398 4970 τῷ
412 4897 497 4969 ἶκονίιμ
507 4900 627 4964 Vossius,
641 4900 751 4963 Gailius,
767 4902 899 4965 Osannus,
914 4900 1050 4952 Fabricius
1063 4901 1109 4954 de·
1154 4900 1286 4953 Plutarch.
1297 4901 1425 4954 'sltcmisn
1437 4904 1481 4964 υ4.
1492 4897 1588 4954 Timol.
1598 4917 1621 4951 c.
1637 4899 1678 4951 15.
1690 4895 1778 4951 Strabo
1786 4894 1815 4952 X.
1825 4887 1899 4959 tt·l5²³

321 4977 403 5031 dere:
422 4977 512 5048 θύριον
522 4977 548 5030 ἐν
561 4983 596 5048 τῷ
609 4977 695 5049 κόλπῳ
717 4977 762 5050 (ἐν
776 4983 811 5049 τῷ
829 4976 909 5050 Ἰονίῳ
924 4980 1106 5052 Gronovius).
1154 4979 1278 5050 έίυρίνθιοι
1289 4979 1315 5030 δὲ
1334 4981 1480 5050 πεμφθέντες
1492 4979 1538 5033 tsi
1554 4978 1661 5050 Κυψέλου
1675 4976 1716 5030 καὶ
1734 4975 1817 5042 Γόργου
1833 4965 1901 5024 ταῦτην

322 5056 402 5122 Quod
415 5056 518 5109 admitti
537 5058 645 5126 nequit;
660 5075 736 5120 nam,
749 5058 771 5108 si
792 5067 910 5110 veterum
923 5056 958 5110 de
978 5058 1027 5111 hac
1043 5059 1109 5112 urbe
1154 5077 1180 5110 τε
1194 5059 1315 5128 κατέσχον
1331 5056 1375 5123 τὴν
1395 5057 1481 5125 ἀκτὴν,
1498 5060 1626 5130 καὶμέχρι
1643 5059 1687 5110 τοῦ
1703 5049 1846 5124 Ἀμόρακοιοῦ
1857 5040 1901 5131 all·

317 5137 470 5189 testimonia
484 5136 803 5206 excusseris-intelligitur
815 5137 945 5207 Thyrium
956 5155 1011 5190 non
1023 5135 1109 5192 adsi·
1154 5156 1200 5190 που
1212 5137 1346 5208 προῆλθον.
1356 5137 1477 5190 Nicolaus
1487 5141 1564 5190 Dani.
1579 5139 1605 5190 in
1617 5138 1682 5190 Eae.
1694 5136 1780 5186 Fscrrr.
1793 5129 1840 5196 (Fr.
1849 5123 1899 5174 llrst.

323 5231 403 5275 nun,
422 5215 466 5266 saa
482 5217 509 5266 ιι
528 5213 726 5267 mediterranea
746 5217 825 5268 sarna
845 5215 933 5269 οιτον.
959 5217 1002 5269 sn
1019 5217 1109 5270 Livius
1153 5218 1208 5278 ιιι,
1223 5233 1250 5286 p.
1277 5215 1372 5284 mus
1392 5216 1424 5283 ⁵7
1436 5215 1464 5286 );
1488 5213 1598 5286 'reatu
1620 5213 1645 5266 a
1661 5211 1694 5284 (ι
1712 5205 1826 5279 assatos]
1845 5197 1871 5258 a
1884 5212 1900 5286 ²5

324 5293 454 5357 XXXII,
478 5309 506 5345 11
532 5303 620 5355 natant
639 5297 786 5346 Acarnanes
806 5304 834 5346 ut
851 5294 1042 5348 mediterranea
1057 5313 1109 5348 sue
1155 5295 1262 5346 Λευκάδα
1283 5293 1324 5346 καίΙ
1342 5291 1504 5363 Ἀνακτόριον,
1526 5292 1632 5354 υίκιστλς
1656 5290 1731 5344 αἰτῶν
1754 5284 1854 5346 ttattor
1874 5291 1901 5324 ¹²¹¹
