3950 5925
270 421 323 472 140

186 543 318 607 Ρῖιοί.νεῖς
338 543 522 610 καθιστῶντες,
548 537 677 616 καὶπρὸς
699 538 756 605 τοὺς
780 538 904 605 διάπλους
932 540 959 598 δέ
982 542 1047 619 (καί)

267 629 368 707 ὑδρείας
390 628 466 687 ίνεκα
490 627 634 706 κέχρηνται
653 627 755 701 αὐτοῖς,
776 624 843 685 ὥστε
856 618 922 685 εἰναι
942 627 971 686 ab
985 629 1050 687 αὗτδ

265 722 339 788 ναῦν,
346 715 440 788 οἰκίαν,
450 717 565 791 ἀγγεῖον,
575 712 673 792 τροφὴν
682 720 734 779 τοῖς
744 712 888 792 εἰρημένοις
898 714 1049 793 ἀνθρώποις.

305 824 343 863 ts.
365 800 430 865 'On
447 805 476 860 οὑ
494 801 561 860 πολὺ
575 802 711 867 διεστῶτες
730 806 777 859 τοῦ
800 802 937 879 εἰρημένου
960 803 1050 880 γένους

240 909 254 947 t
267 890 411 966 σύμμετροι
422 892 460 969 τῷ
475 890 578 967 ἀριθμῷ
592 887 647 966 βίον
661 887 751 965 έχουσι
764 894 890 949 τοιοῦτον.
933 889 984 950 Ἐκ
998 895 1049 949 τῶν

266 976 476 1057 ἐκριπτουμένων
488 978 525 1041 εἰς
537 975 586 1046 τὴν
597 974 694 1055 χέρσον
706 978 793 1047 κητῶν
804 978 930 1045 άποζῶσι.
972 980 1050 1037 Σπα-

267 1063 386 1136 νιζούσης
397 1065 426 1123 δὲ
440 1065 528 1130 αὑτοῖς
542 1068 591 1134 τῆς
609 1062 731 1132 τοιαύτης
750 1062 876 1133 σιτήσεως
891 1063 1009 1139 (γίνεται
1023 1064 1051 1123 δέ

264 1152 421 1230 πολλάκις),
434 1156 464 1211 bt
473 1154 524 1210 τῶν
536 1152 620 1210 θστῶν
632 1150 691 1215 τούς
700 1174 728 1209 τε
741 1150 864 1229 χόνδρους
877 1152 922 1209 καὶ
936 1151 970 1209 adr
981 1152 1051 1229 άκρα

264 1244 316 1297 τῶν
326 1242 446 1315 πλευρῶν
460 1238 681 1318 κατεργαζόμενοι
694 1236 742 1308 τὴν
757 1238 871 1310 ἔνδειαν,
883 1241 905 1297 εἰ
917 1239 963 1297 καί
974 1242 1052 1318 χαλε·

225 1343 251 1381 10
265 1330 334 1396 πῶς,
345 1324 416 1403 ὅμως
430 1331 655 1404 παραμυθοῦνται.
700 1324 743 1384 'st
758 1324 805 1400 μὲν
819 1319 864 1383 οῦν
882 1329 933 1383 τῶν
947 1326 1050 1405 Ἰχθυο-

264 1413 355 1490 φάγων
371 1412 443 1491 γένη,
458 1413 554 1492 φησίν,
569 1412 587 1469 δ
608 1411 804 1492 κατειλήραμεν
827 1413 948 1493 (μυρίων
970 1414 1051 1473 όντων

265 1500 283 1557 θ
295 1499 342 1570 τὴν
358 1503 434 1572 ἡμῶν
446 1500 548 1580 διέφυγε
560 1501 671 1578 γνῶσιν)
684 1504 810 1559 τοσαῦτα.

305 1606 343 1646 ιν.
365 1582 431 1645 Ὅτι
442 1590 488 1655 τῆς
502 1590 570 1658 ζωῆς
583 1589 659 1663 ἡμῶν
676 1587 740 1661 ἡμῖν
757 1584 904 1665 έρεστιύσης
919 1588 946 1647 έν
957 1610 986 1646 τε
1000 1597 1052 1655 τοῖς

263 1675 393 1754 περιττοῖς
412 1673 525 1741 καὶτοῖς
539 1675 705 1752 ἀναγκαίοις,
724 1672 759 1731 τδι
775 1674 901 1752 εἰρημένα
918 1675 980 1753 γένη
997 1679 1049 1733 τῶν

226 1777 250 1816 ιε
265 1760 441 1842 Ἰχθυοφάγων
454 1761 487 1819 adr
498 1761 545 1831 μέν
559 1760 681 1841 άχρηστα
693 1761 916 1841 περιγεγράρασιν
928 1762 1050 1839 ἅπαντα,

263 1849 327 1928 φησί
334 1896 343 1927 ,
358 1853 411 1906 τῶν
423 1849 451 1907 δέ
466 1849 634 1921 καθηκόντων
656 1850 729 1908 οὐδὲν
751 1850 917 1922 ἰλλείπουσι,
941 1854 974 1929 τῇ
996 1850 1052 1931 θεία

262 1938 326 2016 πρδς
339 1936 370 1995 εδ
381 1940 427 2009 ζῆν
442 1939 494 2017 ὁδῷ
509 1936 697 2018 βραὺευόμενοι
715 1937 826 2010 πάντες,
840 1940 869 1997 οὐ
883 1943 916 2016 τῇ
932 1962 1052 2014 παρασο-

263 2026 387 2105 ριζαμένη
402 2027 459 2093 ταῖς
477 2025 562 2093 δόξαις
576 2024 623 2095 τὴν
640 2026 727 2106 φύσιν·
743 2028 772 2083 οὑ
786 2024 837 2104 γάρ
853 2028 936 2105 ἀρχῆς
950 2027 1051 2105 ἱμειρό-

264 2136 338 2188 μενοι
347 2114 436 2191 τυχεῖν
441 2113 539 2192 ἀγωνία
549 2113 686 2193 φιλονείκῳ
701 2112 747 2170 καί
756 2113 879 2192 δυστυχεῖ
888 2112 1051 2193 συνέχονται·

222 2216 249 2255 ευ
262 2202 321 2260 οὐδὲ
350 2201 498 2269 πλεονεξίας
522 2204 629 2281 ἐρῶντες
650 2200 738 2259 πολλὰ
764 2200 812 2277 μὲν
837 2201 932 2268 ἄλλους
955 2204 1052 2281 δρῶσι,

262 2288 349 2347 πολλὰ
370 2287 397 2347 δέ
417 2288 550 2368 πάσχουσι
570 2292 621 2347 τῶν
647 2290 693 2345 οὑκ
715 2288 874 2365 ἀναγκαίων·
889 2290 942 2347 οὐδ’
957 2289 1052 2369 ἔχθρας

263 2374 424 2451 ἐνιστάμενοι
438 2376 539 2452 μείζους
550 2374 592 2433 ἐπὶ
601 2375 689 2453 βλάόῃ
699 2374 821 2453 σώματος
829 2376 956 2453 πολεμίου
968 2378 1051 2455 σράλ·

262 2464 352 2521 λονται
361 2466 388 2521 έν
402 2462 521 2541 ιίτυχίαις
535 2460 648 2541 οἰκείων,
657 2462 717 2522 ούδί
726 2462 1051 2541 ναυτιλλόμενοι,κέρδους

183 2641 256 2691 Diod.
267 2628 362 2703 ἕνεκεν,
378 2629 502 2709 καὶπρὸς
519 2628 565 2697 τδις
579 2628 738 2704 σκηνώσεις,
760 2629 870 2697 τιθέντες
890 2638 997 2708 πρηνεῖς
1010 2632 1049 2711 ἐρ’

223 2743 250 2781 an
266 2720 374 2796 ὑψηλῶν
387 2716 484 2789 τόπων,
496 2715 560 2783 ῶςτε
575 2720 659 2777 δοκεῖν
672 2718 771 2785 τούτοις
782 2717 829 2788 τὴν
843 2717 920 2798 ρύσιν
935 2718 1050 2797 δεδωρῆ-

265 2809 326 2861 σθαι
340 2814 388 2885 μιᾷ
399 2804 490 2883 χάριτι
502 2803 601 2871 πολλάς
613 2804 717 2884 χρείας·
733 2803 780 2875 τὴν
793 2803 843 2884 γάρ
866 2802 947 2875 αὐτὴν
963 2806 1050 2872 αὑτοῖς

263 2883 332 2950 εἶναι
346 2892 452 2974 τρορην,
467 2895 582 2970 ἀγγεῖον,
598 2893 693 2967 οἰκίαν,
710 2898 786 2953 ναῦν.

304 2999 341 3038 ιε.
361 2981 403 3040 ot
423 2978 527 3059 μακράν
548 2979 577 3039 δὲ
597 2981 697 3041 τούτων
711 2983 846 3048 διεστῶτες
864 2979 986 3058 νέμονται
1000 2982 1049 3053 τὴν

264 3068 393 3147 παράλιον
407 3067 536 3148 βάρὺαροι
552 3068 608 3148 βίον
622 3068 764 3147 ἀνώμαλον
780 3069 893 3147 ἔχοντες.
937 3070 1048 3150 Διατρί-

222 3181 250 3220 ³0
264 3178 355 3236 ῳονται
369 3153 420 3234 γάρ
435 3154 489 3213 άπὸ
512 3159 564 3213 τῶν
578 3156 756 3216 ἐκπιπτόντων
771 3157 807 3224 εἰς
820 3156 867 3228 τὴν
888 3155 984 3236 χέρσον
999 3181 1049 3230 κη·

263 3247 326 3317 τῶν,
341 3243 405 3302 ποτὲ
417 3241 465 3319 μὲν
478 3244 613 3323 δαψίλειαν
626 3249 722 3325 τρορῆς
734 3244 838 3324 ἔχοντες
848 3243 891 3302 διδ
903 3246 937 3302 τδι
951 3243 1048 3322 μεγέθη
1073 3289 1074 3293 ,

262 3335 314 3389 τῶν
326 3329 515 3411 εὑρισκομένων
527 3331 632 3411 θηρίων,
645 3332 708 3392 ποτέ
723 3332 751 3390 δέ
765 3332 963 3410 διαλειμμάτων
977 3356 1048 3410 γινο-

263 3417 349 3495 μένων
362 3423 450 3485 κακῶς
465 3419 677 3479 ἀπαλλάττουσιν
694 3422 805 3492 ὑπὸτῆς
819 3421 931 3487 ἐνδείας·
947 3426 1007 3480 καθ’
1019 3421 1051 3480 δν

263 3507 295 3577 δί,
308 3507 400 3585 χρόνον
414 3507 606 3585 ἀναγκάζονται
617 3508 832 3587 κατεργάσασθαι
850 3507 894 3566 διδι
914 3507 962 3580 τὴν
977 3509 1048 3568 σπά-

223 3617 251 3657 τε
262 3616 300 3652 νιν
314 3598 367 3652 τῶν
384 3595 503 3672 ἀρχαίων
518 3597 601 3653 ὀστῶν
622 3595 748 3674 χόνδρους
763 3596 808 3652 καί
821 3595 869 3659 τάς
892 3597 975 3677 άκρας
995 3601 1047 3656 τῶν

261 3681 383 3758 πλευρῶν
396 3679 525 3760 ἐκφύσεις.
566 3685 629 3742 Τῶν
640 3681 687 3757 μέν
698 3673 741 3740 οῦν
752 3681 931 3763 Ἰχθυοφάγων
940 3685 974 3743 τὰ
985 3685 1047 3763 γένη

262 3766 369 3824 τοσαῦτ’
385 3767 441 3824 tort
454 3767 500 3824 καὶ
513 3767 638 3836 τοιούτοις
651 3771 768 3851 χρῶνται
782 3770 865 3848 βίοις,
879 3775 914 3836 ῶς
924 3774 951 3831 ἐν
964 3795 1048 3853 κερα-

261 3853 344 3919 λαίοις
357 3854 450 3912 εἰπεῖν.

304 3943 352 4020 [ιν
364 3964 389 4001 ε.
409 3940 444 4002 Ἡ
459 3941 487 4001 δέ
507 3942 577 4003 κατδι
591 3943 637 4016 τὴν
655 3945 827 4005 Βαὺυλωνίαν
847 3946 974 4027 παράλιος
987 3972 1047 4007 συν-

223 4057 250 4096 to
263 4030 339 4089 άπτει
363 4031 410 4107 μὲν
435 4031 526 4113 ἡμέρῳ
551 4033 597 4091 καί
621 4035 764 4116 καταφύτῳ
783 4034 874 4116 χώρα,
893 4042 1001 4096 τοσοῦτο
1020 4037 1047 4096 δέ

261 4117 359 4189 πλῆθός
373 4121 429 4176 ἐστι
439 4122 491 4177 τῶν
503 4119 599 4200 ἰχθύων
614 4121 666 4186 τοῖς
679 4122 822 4202 ἐγχωρίοις,
833 4122 902 4182 ὥστε
912 4123 971 4190 τοὺς
984 4127 1048 4182 οἰνα-

261 4206 399 4274 λίσκοντας
412 4203 449 4284 μὴ
465 4208 589 4266 δύνασθαι
604 4209 699 4288 ῥᾳδίως
713 4210 895 4288 περιγενέσθαι
912 4217 958 4284 τῆς
970 4214 1048 4294 δαψι-

262 4292 343 4360 λείας.
386 4295 466 4374 Παρὰ
488 4295 540 4376 γάρ
565 4296 623 4360 τούς
644 4299 778 4376 αἰγιαλούς
803 4304 892 4360 ίστᾶαι
912 4303 1049 4379 καλάμους

262 4380 373 4448 πυκνούς
384 4382 429 4440 καί
444 4381 509 4462 πρδς
519 4384 648 4455 ἀλλήλους
658 4387 907 4467 διαπεπλεγμένους,
919 4389 988 4448 ὥστε
1000 4391 1048 4462 την

220 4492 247 4531 ιι.
262 4470 390 4550 πρόσοψιν
400 4471 492 4547 ὁμοίαν
506 4461 571 4530 εἶναι
582 4474 678 4556 δικτύῳ
691 4475 764 4557 παρὰ
774 4479 904 4536 θάλατταν
916 4479 1046 4550 ἑστηκότι.

264 4555 381 4629 tart-tt
393 4566 445 4616 πᾶν
459 4558 488 4617 τὸ
498 4559 573 4638 ἔργον
585 4561 733 4642 ὑπάρχουσι
744 4565 841 4623 πυκναὶ
856 4565 943 4645 θύραι,
954 4570 987 4646 τῇ
1000 4567 1047 4644 μὲν

262 4645 349 4722 πλοκῇ
363 4646 520 4725 ταρσώδεις,
534 4647 580 4715 τὰς
592 4648 705 4731 στρορδις
720 4653 743 4709 δ’
756 4652 864 4731 ἔχουσαι
881 4653 944 4732 πρὸς
953 4654 1001 4720 τὰς
1013 4657 1048 4722 εἰς

262 4729 375 4810 ἑκάτερα
389 4731 422 4790 ed
435 4734 502 4813 μέρη
522 4735 637 4808 κινήσεις
655 4737 784 4806 εὐλύτους.
827 4741 935 4807 Ταύτας
954 4740 1047 4799 ὑκλύ·

262 4819 313 4876 δων
326 4819 468 4899 φερόμενος
484 4821 555 4898 μένε

261 5057 288 5110 p.
305 5041 367 5110 837,
387 5043 433 5112 qui
452 5040 501 5112 legi
517 5037 599 5098 voluit
620 5045 653 5109 εἰς
670 5047 794 5117 ταςσκην.
808 5059 834 5103 et
847 5049 945 5103 deinde
956 5054 1045 5121 πρηνῆ.

272 5118 439 5179 ΙΙ-ι.καῖ
457 5121 719 5193 ὑδρ]καίοπι.Α,,
735 5127 796 5182 sort.
812 5139 891 5182 recte.
908 5129 949 5182 Cf.
964 5129 1046 5182 Diod.
1097 5151 1108 5174 ι
1135 5130 1208 5181 Fort.
1232 5126 1294 5197 ἰθείᾳ
1318 5127 1357 5180 vel
1383 5127 1496 5197 εὑθτίᾳν
1537 5126 1639 5180 net-ter.
1662 5127 1673 5190 Η
1693 5153 1731 5165 -
1763 5142 1804 5193 ¹9·
1835 5144 1894 5177 τυ·

298 5197 373 5262 ses,
386 5198 403 5250 l.
428 5217 468 5253 ro.
488 5203 656 5276 χαλεπῶς]
672 5209 715 5260 ΛΒ
728 5219 753 5260 et
767 5219 877 5262 correct.
895 5210 937 5273 C.;
950 5209 1049 5280 χαλεπὰ

263 5273 294 5323 tl.
310 5275 395 5342 primo
407 5295 487 5330 itinnu
498 5291 523 5331 ct
537 5281 637 5354 vulgo.)

880 410 931 470 Ex
954 412 1265 475 tot‘rtttttctttntt

1780 415 1879 493 (mat

1093 548 1780 621 gationispraetereausumetaquatinnistranslerunt.
1821 556 1881 619 Qno

1093 640 1123 691 fit
1137 650 1166 691 ut
1177 658 1218 691 res
1228 638 1320 691 eadem
1336 639 1418 702 naris,
1430 636 1535 702 domus,
1550 638 1616 689 rasis
1629 647 1655 690 et
1667 638 1782 693 alimenti
1796 641 1882 694 bomi-

1094 726 1172 778 nibus
1183 726 1232 778 illis
1240 742 1318 777 usum
1329 722 1452 794 praebcat.

1131 814 1176 875 ts.
1194 813 1254 864 Non
1267 810 1361 881 procul
1379 809 1413 862 ab
1434 808 1485 861 boc
1502 826 1596 878 genere
1616 810 1766 865 mortalium
1786 817 1881 867 remoti
1961 826 1962 829 ’

1094 916 1207 951 numero
1220 898 1316 967 exiguo
1326 896 1399 949 huno
1407 894 1513 948 vivendi
1527 913 1628 948 morem
1637 896 1744 950 babent.
1783 901 1828 951 De
1840 900 1881 953 ba-

1094 987 1166 1039 laenis
1180 988 1207 1038 in
1222 996 1317 1039 terram
1330 984 1443 1055 expulsis
1453 984 1552 1036 victum
1562 984 1610 1036 sibi
1621 991 1793 1055 comparant:
1808 987 1882 1055 cujus

1095 1074 1116 1125 si
1125 1072 1194 1125 desit
1202 1074 1276 1143 copia
1290 1069 1337 1141 (id
1352 1068 1424 1141 quod
1437 1087 1491 1122 non
1503 1088 1564 1123 rano
1575 1070 1690 1139 accidit)
1703 1072 1881 1141 cartilaginem

1096 1180 1128 1213 ex
1153 1160 1255 1212 ossibus
1281 1170 1308 1212 et
1330 1170 1462 1212 costarum
1492 1160 1667 1211 extremitates
1695 1160 1880 1227 conficiendo,
1961 1174 1962 1181 ’

1095 1257 1235 1316 egestatem
1260 1246 1436 1316 quamtumvis
1453 1244 1561 1298 moleste
1586 1255 1613 1297 et
1630 1262 1795 1311 ammonae,
1820 1268 1882 1302 ooo·

1096 1334 1222 1387 solantur.
1272 1336 1325 1387 Tot
1349 1334 1429 1402 igitur
1453 1342 1516 1384 sunt
1543 1348 1638 1401 genera
1669 1334 1882 1406 Ichthyophago.
1961 1350 1962 1357 ι

1096 1438 1167 1486 rum,
1186 1438 1244 1491 quae
1256 1420 1413 1491 accepimus,
1425 1436 1509 1489 quum
1519 1420 1658 1473 innttrnem
1668 1422 1774 1475 interim
1794 1428 1882 1493 mgni.

1096 1509 1194 1561 tionem
1208 1516 1325 1560 nostram
1337 1505 1538 1575 subterfugiant.

1132 1598 1176 1662 49.
1196 1596 1287 1661 Quum
1301 1594 1364 1656 vita,
1377 1591 1480 1661 qualem
1491 1610 1542 1644 nos
1553 1592 1697 1662 sequimur,
1707 1594 1735 1647 io
1745 1598 1883 1667 super-fluis

1096 1684 1121 1725 et
1133 1674 1283 1725 necessariis
1298 1672 1433 1734 consistat,
1452 1670 1680 1741 Ichthyopbagdm
1698 1690 1764 1743 quas
1776 1678 1882 1731 recitari

1097 1764 1195 1821 gentes,
1210 1763 1306 1805 cuneta
1324 1768 1439 1821 quorum
1450 1768 1513 1803 trsus
1524 1768 1578 1803 non
1597 1761 1636 1803 eet
1650 1756 1824 1819 necessarius,
1843 1776 1886 1809 an.
1961 1774 1962 1779 =

1096 1843 1176 1900 gusto.
1186 1834 1259 1903 quusi
1271 1831 1336 1883 orbe
1349 1831 1549 1900 circumscripta
1558 1828 1716 1896 excludunt;
1732 1833 1885 1905 interoeque
1961 1862 1962 1865 ¹

1096 1911 1174 1963 nullis
1192 1911 1287 1974 robus,
1310 1928 1369 1981 quae
1388 1919 1489 1963 natura
1508 1920 1671 1979 competunt,
1692 1910 1884 1978 destituuntur,

1097 2007 1179 2059 quum
1201 1988 1290 2041 divina
1311 1987 1345 2040 ad
1362 1986 1496 2056 frugaliter
1516 1986 1657 2041 vivendum
1677 1987 1813 2043 ducantur
1836 1997 1884 2054 iia,
1961 2036 1962 2059 3

1096 2086 1190 2121 nonna
1201 2085 1260 2138 qua
1272 2066 1353 2119 fallaci
1366 2066 1521 2137 opinionum
1536 2067 1621 2135 specie
1631 2078 1752 2121 naturam
1764 2070 1884 2133 seducit;

1096 2164 1149 2199 non
1170 2148 1240 2198 onim
1260 2148 1330 2199 circa
1343 2147 1446 2217 imperii
1463 2156 1490 2197 et
1508 2145 1672 2213 magistratus
1689 2146 1884 2205 affectationem
1961 2142 1962 2147 ¹

1096 2226 1257 2278 contentiosa
1269 2223 1380 2277 fortunae
1397 2234 1425 2276 et
1437 2222 1533 2275 infelici
1547 2221 1721 2294 trepidatione
1731 2241 1885 2297 anguntur;

1096 2300 1145 2356 nec
1158 2304 1271 2356 aroritire
1287 2304 1375 2356 studio
1386 2302 1469 2355 multa
1478 2302 1505 2353 in
1516 2301 1580 2353 alios
1595 2304 1774 2370 committunt,
1791 2308 1886 2361 multa·
1961 2320 1962 2325 ’

1099 2400 1148 2452 quc
1159 2394 1250 2435 contra
1259 2385 1389 2454 rccipiunt
1400 2383 1434 2435 de
1445 2382 1519 2437 malis
1528 2398 1583 2433 non
1593 2386 1759 2450 emunim
1773 2406 1827 2441 nec
1841 2392 1887 2441 ῆῃῑ.

1096 2464 1206 2515 micitias
1216 2462 1359 2515 conflantes
1372 2461 1494 2533 majoros,
1504 2472 1534 2515 ut
1542 2476 1639 2516 noxam
1652 2466 1768 2519 inserant
1778 2474 1887 2539 eorpon

1095 2640 1132 2691 cis
1152 2656 1202 2709 pro
1217 2640 1357 2708 gurgustiis
1371 2650 1508 2711 usurpent.
1546 2643 1586 2693 Ita
1607 2651 1700 2694 natura
1721 2660 1810 2695 unum
1828 2662 1890 2696 sane

1094 2749 1251 2803 beneficium
1276 2751 1364 2804 multis
1391 2754 1508 2825 ipsorum
1529 2752 1779 2821 commoditatibus,
1808 2756 1887 2823 cibo,

1094 2866 1164 2931 vasi,
1178 2864 1287 2930 domui,
1304 2868 1382 2932 navi,
1401 2866 1505 2923 videtur
1518 2868 1738 2923 accommodasse.

1131 2991 1175 3051 48.
1203 2989 1262 3040 Non
1286 2987 1365 3058 longo
1386 2988 1419 3042 ab
1446 2989 1487 3042 bis
1510 2989 1645 3042 intervallo
1668 3007 1741 3043 mare
1764 2992 1889 3046 accolunt

1093 3098 1215 3163 barbari,
1238 3097 1336 3170 dispari
1357 3098 1415 3151 vitae
1438 3099 1539 3152 ratione
1560 3109 1670 3153 utentes.
1709 3101 1777 3153 ttam
1803 3104 1888 3156 victus

1094 3209 1156 3279 ipsis
1166 3219 1204 3262 est
1215 3227 1229 3262 a
1242 3209 1304 3262 cetis
1315 3207 1382 3261 sorte
1395 3206 1500 3278 ejectis;
1512 3208 1671 3280 quandoque
1680 3209 1768 3280 largos
1778 3224 1890 3283 propter
1961 3273 1962 3278 γ

1094 3321 1239 3373 vastitatem
1260 3319 1405 3373 belluarum
1420 3319 1495 3372 cibos
1512 3319 1609 3372 babent
1617 3359 1625 3386 ,
1638 3320 1820 3393 quandoque,
1834 3341 1890 3376 oes-

1093 3439 1166 3480 sente
1180 3428 1274 3480 barum
1292 3427 1397 3499 prada,
1413 3444 1481 3497 aegre
1498 3445 1526 3480 se
1547 3427 1581 3480 ab
1596 3438 1709 3497 egestate
1726 3431 1887 3500 expediunt.

1092 3539 1161 3591 Tum
1182 3539 1253 3591 enim
1276 3538 1439 3591 exoletorum
1460 3538 1559 3590 ossium
1583 3537 1747 3607 mrtilag'nee
1767 3551 1794 3592 et
1815 3541 1888 3611 quod
1961 3541 1962 3556 ³

1094 3659 1241 3702 extromum
1253 3648 1281 3702 in
1297 3648 1375 3700 costis
1388 3657 1471 3700 exstat
1484 3646 1614 3699 conticere
1628 3645 1703 3700 tamis
1717 3649 1829 3704 stimulo
1843 3669 1890 3703 co·

1093 3767 1201 3825 guntur.
1237 3757 1291 3809 Tot
1303 3756 1423 3808 nationes
1433 3763 1504 3819 sunt,
1516 3755 1561 3825 qui
1573 3753 1607 3806 de
1618 3754 1734 3825 piscibus
1746 3757 1886 3819 victitant;

1093 3857 1137 3910 bic
1149 3859 1208 3909 vitae
1224 3856 1273 3909 ittts
1286 3857 1382 3922 cultus,
1395 3867 1426 3909 ut
1437 3858 1589 3909 summatim
1604 3855 1655 3908 boc
1666 3856 1856 3910 concludatur.

1130 3961 1207 4030 [θρα.
1221 3957 1230 4030 (
1242 3963 1304 4030 Cup.
1319 3975 1353 4011 αα
1363 3957 1383 4030 ).
1395 3960 1450 4011 Ora
1459 3957 1609 4029 Babyloniae
1615 3957 1737 4028 objacens
1750 3959 1849 4012 cultam
1863 3971 1889 4014 ct

1093 4067 1187 4139 plantis
1197 4069 1325 4120 consitam
1333 4067 1438 4136 attingit
1444 4067 1589 4135 regionem.
1627 4065 1680 4118 Ubi
1691 4075 1766 4118 tanta
1774 4069 1888 4138 piscium

1094 4175 1216 4240 ubertas,
1239 4174 1348 4246 utplus
1370 4168 1505 4245 suppetiit,
1527 4191 1606 4245 quam
1629 4173 1721 4228 tneotae
1747 4173 1889 4228 absumere

1094 4299 1200 4360 queant.
1240 4287 1282 4342 Ad
1302 4287 1378 4340 litora
1398 4288 1470 4340 enim
1490 4286 1633 4340 arundines
1647 4296 1771 4339 statuunt
1793 4286 1889 4340 densos

1094 4399 1213 4467 interque
1234 4413 1262 4448 se
1283 4405 1431 4460 consertos,
1448 4403 1479 4446 ut
1498 4395 1613 4466 speciem
1634 4395 1697 4446 retis
1713 4393 1794 4463 juxta
1814 4411 1890 4445 mare

1093 4509 1200 4576 expansi
1213 4505 1337 4558 reserant.
1374 4505 1472 4556 Totum
1487 4473 1554 4573 opus
1568 4501 1673 4555 crebras
1686 4501 1770 4555 babet
1780 4511 1888 4572 portas,

1093 4632 1206 4684 quarum
1219 4623 1357 4667 contextus
1370 4612 1487 4664 cratitius
1499 4620 1548 4675 est,
1564 4621 1589 4663 et
1601 4609 1682 4663 facilis
1693 4612 1721 4662 in
1742 4621 1891 4680 utramque

1092 4709 1192 4788 partem
1215 4715 1392 4768 conversionis
1409 4723 1506 4766 motus.
1544 4713 1598 4765 Has
1620 4711 1716 4764 fluctus
1735 4711 1892 4764 inundante

1092 4821 1157 4872 niori
1171 4821 1196 4871 in
1213 4829 1307 4871 terram
1324 4817 1447 4888 expulsus
1463 4818 1562 4889 aperit,
1583 4834 1667 4886 eoque
1687 4815 1829 4869 recedente
1846 4834 1891 4867 rc·

1128 5053 1200 5118 stt,
1215 5049 1234 5101 l.
1249 5052 1291 5112 td.
1307 5048 1342 5102 τὰ
1365 5047 1496 5119 εἶρ.]καί
1512 5045 1600 5118 τθείρ.
1616 5048 1774 5114 (λθ-ιδ.
1793 5047 1891 5116 θείᾳ]

1094 5209 1184 5278 χεῖν]
1212 5208 1287 5278 τύχης
1309 5209 1368 5270 ΑΒς
1393 5206 1471 5276 τύχην
1495 5208 1531 5268 (ῖς
1553 5223 1605 5258 em.
1632 5203 1816 5270 llcblter.ll-
1840 5223 1893 5256 α’).

1095 5288 1264 5359 σφάλλονται]
1291 5286 1443 5357 σράλλυνται
1464 5287 1485 5337 δ’
1511 5289 1545 5348 C;
1569 5283 1596 5336 οὑ
1614 5282 1767 5352 σφάλλονται
1781 5284 1803 5334 δ’
1826 5287 1881 5336 AB
