3950 5925
169 417 228 497 (a.)
790 416 905 476 onus
926 416 1162 477 nescmmto.
1725 430 1780 480 σοι

169 569 208 609 too
222 552 257 615 ιλς
268 548 422 624 κυματῶδις
432 546 546 623 πέλαγος
560 544 724 604 dvereivmc'
736 546 830 624 ολκραν.
1000 557 1026 607 in
1042 555 1199 607 fluctuosum
1213 554 1317 625 pelagus
1329 554 1463 625 protendit
1477 558 1662 611 summitatem.

221 638 333 695 Οἰκοῧσι
347 638 394 703 τῆς
406 632 504 703 στήλης
515 632 543 689 δὲ
556 631 615 698 τοὺς
627 631 702 707 ἔγγὺς
715 632 809 699 τόπους
999 643 1151 695 Inhabitant
1162 642 1246 695 vicina
1261 642 1389 695 columnas
1403 643 1458 695 loca

222 726 331 782 Κελτῶν
345 721 401 780 ὅσοι
412 721 538 797 λήγουσιν
551 719 622 785 ὄντες
636 719 745 798 ἔσχατοι
999 728 1131 781 Celtarum
1145 728 1191 798 qui
1204 728 1257 779 huc
1268 727 1392 780 desinunt
1405 732 1531 793 extremi,

220 806 328 870 Ἔνιτοί
338 832 367 867 τι
379 810 425 867 κοιλ
439 812 492 867 τῶν
503 807 573 873 tart<
587 810 622 873 el<
635 808 681 865 τὸν
692 807 795 885 Ἀδρίαν
1000 816 1128 884 Enetique
1139 823 1165 866 et
1178 814 1288 866 extremi
1301 816 1429 866 latrorum
1443 818 1488 885 qui

221 897 333 976 Ἰστρων
345 886 526 966 καθηκίνῖιον·
540 894 646 970 λέγουσι
657 895 680 952 δ’
694 897 801 953 αὐτόθεν
998 901 1069 952 intus
1080 900 1113 952 ad
1126 898 1235 954 Adriam
1249 902 1411 971 pertingant.
1428 903 1527 955 Ferunt
1538 902 1599 955 hinc

170 1006 209 1045 tes
222 984 266 1043 rbv
277 984 379 1063 Ἴστρον
394 982 480 1061 ἀρχὴν
490 981 635 1058 λαμὸιίνιιν
648 989 694 1041 τοῦ
710 982 845 1063 ῥεύματος.
999 987 1097 1038 Istrum
1110 1002 1214 1038 sumere
1228 986 1316 1038 fluxus
1327 988 1497 1058 principium.

263 1076 324 1132 Τῶν
336 1070 399 1151 πρὸς
414 1070 444 1128 τὸ
459 1072 585 1150 Σαρδῷοι
600 1070 753 1146 disciteque
768 1074 894 1146 κειμένων
1035 1071 1077 1125 Ad
1092 1070 1222 1125 Sardoum
1236 1082 1324 1125 autem
1339 1090 1410 1125 mare
1421 1074 1499 1143 primi

222 1164 322 1217 οἰκοῦσι
334 1158 515 1239 Λιὸυροίνικες
528 1201 535 1228 ,
551 1161 581 1216 ίκ
594 1158 764 1236 Καρχηδόνος
1000 1160 1119 1213 habitant
1130 1160 1344 1231 Libyphuniees,
1357 1179 1372 1213 e
1385 1161 1541 1230 Cartbagine

223 1247 345 1305 ἀποικίαν
357 1246 497 1312 λαὸόντις·
512 1245 571 1316 ίξῆς
581 1246 617 1318 δ’,
632 1250 666 1308 ὡς
681 1244 768 1323 λόγος,
1000 1246 1102 1299 colonia
1115 1244 1244 1312 deducta;
1259 1246 1399 1318 deinceps,
1411 1258 1441 1299 ut
1454 1246 1555 1312 lerunt,

221 1334 385 1414 ’λάρτήσσιοι
399 1334 570 1412 κατέχουσιν·
587 1323 633 1390 elr'
647 1331 752 1412 ’λόηρις
765 1336 789 1391 οἱ
999 1332 1122 1384 Tartessii
1136 1332 1223 1385 locum
1237 1340 1344 1398 tenent;
1358 1343 1416 1385 tum
1428 1334 1517 1386 Iberes
1527 1344 1589 1387 sunt

1672 1454 1779 1463 —---·-

167 1506 235 1557 dans
254 1504 360 1567 lamer,
379 1502 394 1555 ai
410 1501 566 1554 l'extremite
578 1501 613 1553 de
628 1502 652 1554 la
665 1502 800 1571 Celtique3
810 1520 872 1555 sons
889 1513 956 1555 cette
1000 1504 1094 1555 Totam
1115 1502 1183 1555 hane
1201 1519 1275 1554 oram
1290 1519 1372 1571 usque
1387 1502 1421 1554 ad
1438 1503 1554 1571 Murgirn
1579 1503 1717 1573 oppidum,
1739 1508 1785 1575 qui

168 1601 251 1652 vague
264 1582 410 1635 indication
422 1582 521 1634 semble
538 1581 633 1634 caelibe
644 1581 669 1633 la
684 1583 777 1634 nouon
795 1582 830 1635 de
840 1583 865 1635 la
880 1584 956 1653 proe-
1000 1580 1060 1632 finis
1072 1591 1111 1633 est
1124 1581 1234 1643 Baeticae,
1249 1580 1357 1649 originis
1373 1581 1478 1633 Punicas
1494 1582 1651 1634 existimavit
1671 1585 1786 1655 Agrippa

168 1665 289 1714 minenoe
307 1660 354 1713 des
369 1661 441 1713 cotes
458 1659 492 1712 de
503 1660 527 1713 la
539 1662 681 1729 Bretagne,
698 1663 832 1731 marquee,
855 1660 957 1713 dansla
1001 1660 1208 1731 ap.Plin.Ill,3.
1220 1658 1411 1731 Libyphoenices
1423 1659 1525 1712 ibicum
1535 1662 1648 1731 Scymno
1658 1675 1786 1716 memorat

167 1740 325 1812 geographie
345 1738 546 1793 d'llrastntbbne
563 1756 612 1810 par
632 1740 656 1793 le
675 1739 759 1808 grand
776 1742 957 1810 promontoire
1001 1740 1116 1791 Avienus
1130 1742 1178 1791 Or.
1200 1756 1267 1791 mar.
1287 1742 1348 1801 4οι.
1366 1742 1405 1792 Ac
1421 1756 1482 1791 sane
1496 1741 1570 1791 numi
1582 1738 1704 1805 urbium,
1726 1760 1785 1811 quas

167 1819 203 1872 de
215 1820 343 1882 Cnidium,
358 1819 382 1872 le
396 1820 518 1872 Goboeum
531 1817 565 1870 de
578 1820 709 1872 Ptolemee
724 1836 731 1871 ι
749 1821 841 1871 notion
856 1836 907 1890 que
920 1819 957 1871 les
1000 1817 1053 1871 buc
1066 1818 1213 1888 pertinent,
1235 1818 1360 1882 Carteiae,
1378 1818 1446 1883 sixt,
1463 1816 1585 1883 Malacae,
1605 1818 1783 1886 Abderorum,

169 1918 280 1970 voyages
291 1899 435 1951 maritimas
447 1916 500 1950 aux
516 1899 601 1950 mines
614 1897 711 1951 d’etain
729 1897 764 1950 de
779 1898 957 1951 Cornouailles
1000 1895 1087 1949 literas
1108 1896 1204 1949 babent
1225 1896 1360 1967 scripturae
1380 1894 1586 1967 Libypboeniciae
1606 1898 1617 1963 (
1632 1916 1656 1949 v.
1680 1900 1786 1951 Movers

167 1980 271 2031 avaient
285 1977 324 2030 dri
340 1977 444 2029 donner
468 1976 502 2029 de
517 1976 606 2029 bonne
627 1978 717 2030 heure.
742 2004 753 2023 ι
779 1978 956 2030 er'aonmus
1001 1975 1090 2027 Plan.
1103 1974 1265 2037 Altrrtlt.ll,
1279 1991 1306 2044 p.
1321 1974 1372 2026 632
1386 1992 1444 2044 sqq.
1461 1973 1482 2045 ).
1497 1973 1576 2045 Apud
1590 1974 1653 2027 alios
1666 1988 1786 2031 auctores

166 2074 197 2126 p.
205 2062 249 2125 67.
262 2056 304 2110 Cl.
312 2056 406 2109 Ultert.
420 2058 512 2122 Ge'ogr.
524 2058 561 2121 11,
577 2074 601 2120 1,
612 2072 640 2126 p.
654 2056 716 2124 473.
725 2053 851 2123 Forbiger
862 2058 955 2120 Ge'ogr.
1001 2054 1093 2106 Punici
1109 2053 1194 2106 coloni
1211 2071 1272 2106 cum
1295 2062 1370 2121 gente
1382 2052 1505 2122 indigena
1520 2052 1726 2123 conjunguntur.
1743 2059 1786 2110 Sic

167 2136 191 2197 1,
204 2152 233 2205 p.
246 2139 297 2202 269
306 2134 341 2185 de
350 2134 456 2205 Alpium
468 2135 652 2205 promontorio
667 2134 695 2185 in
707 2133 871 2186 Adriaticum
884 2150 957 2185 mare
1001 2134 1155 2187 Ptolcmaeus
1172 2134 1213 2197 Π,
1236 2134 1250 2185 3
1268 2149 1274 2183 :
1291 2132 1476 2199 Βαστοίλην
1492 2138 1540 2185 τῶν
1555 2132 1713 2204 καλουμένων
1731 2138 1786 2189 Ποι-

167 2223 324 2265 excurrente
343 2214 480 2283 oogitavit;
505 2229 653 2283 perperam.
669 2213 681 2281 ll
693 2242 730 2252 -
743 2228 802 2279 ¹9⁰·
815 2211 891 2281 ἅδραν
907 2228 957 2281 pro
1001 2218 1064 2278 νῶν;
1086 2213 1236 2265 biarcianus
1253 2228 1280 2283 p.
1303 2230 1352 2281 ¹⁰7
1367 2228 1374 2263 ι
1387 2211 1416 2264 rb
1428 2212 1497 2274 ἔθνος
1511 2212 1715 2283 Βλαστουρῶν
1737 2222 1784 2269 τῶν

167 2293 244 2363 ἄκραν
258 2292 320 2345 ond.
336 2294 348 2360 ΙΙ
367 2320 404 2333 -
418 2308 478 2359 191.
493 2291 519 2344 δὲ
532 2294 585 2353 τοῖς
598 2289 691 2343 codex.
705 2292 716 2360 ΙΙ
729 2320 766 2331 -
782 2291 841 2358 193.
857 2290 956 2360 ἀνδρίαν
1001 2292 1159 2362 καλουμένων
1169 2291 1279 2355 Ποινῶν;
1294 2292 1408 2361 Appian.
1421 2293 1497 2362 Hisp.
1509 2310 1534 2344 c.
1549 2292 1581 2343 56
1593 2308 1599 2343 :
1614 2293 1669 2354 τοὺς
1681 2293 1786 2366 λεγομέ-

167 2372 229 2425 οοιλ.
240 2374 251 2441 ΙΙ
259 2402 296 2413 -
307 2375 368 2441 194.
379 2370 469 2442 Ἴστρῳ
478 2370 561 2423 codex
571 2390 579 2433 ς
589 2370 685 2439 Ἴστρον
697 2371 834 2440 rescripsit
846 2372 955 2423 leuon-
1001 2390 1055 2433 νους
1069 2371 1229 2440 Βλαστοφο
1238 2370 1262 2421 lv
1271 2388 1278 2420 ι
1286 2388 1316 2421 κε
1326 2390 1349 2435 ς,
1370 2367 1407 2431 οἷς
1419 2389 1491 2440 φασιν
1510 2368 1619 2423 ’λννίὸαν
1632 2372 1674 2424 rbv
1690 2374 1787 2445 Καρχη-

169 2453 245 2516 nius,
259 2450 327 2503 adeo
339 2462 370 2503 ut
382 2450 512 2503 column
525 2452 603 2503 vicini
615 2450 719 2501 nonnisi
733 2448 789 2501 duo
801 2448 892 2519 populi
901 2466 956 2501 me·
1000 2450 1081 2501 δόνιον
1096 2449 1215 2503 ἐποικίσαι
1236 2450 1246 2517 (
1260 2466 1340 2500 nouos
1358 2449 1465 2501 colonos
1481 2449 1581 2501 misisse
1595 2448 1604 2521 )
1618 2450 1684 2513 τινὰς
1707 2452 1733 2505 ἐκ
1748 2457 1787 2505 Λι-

168 2540 320 2594 morentur,
339 2530 418 2583 Celtae
433 2531 582 2594 etHeneti,
596 2546 712 2599 quorum
728 2529 823 2581 Heneti
836 2527 956 2582 bifariam
1001 2529 1067 2595 66ης.
1096 2526 1214 2581 Eandem
1245 2538 1349 2595 gentem
1381 2527 1509 2580 Ibericam
1537 2529 1672 2581 Hecataeus
1694 2550 1786 2585 vocare

167 2608 245 2661 divisi
258 2610 327 2673 sint,
346 2610 373 2661 in
389 2610 506 2662 Henetus
522 2609 553 2661 de
571 2608 599 2661 ία
611 2613 736 2675 Bretngne
749 2618 827 2677 atque
841 2608 957 2660 Henetos
1001 2608 1106 2661 videtur
1120 2606 1333 2669 Ἐλὸεστίους,
1349 2624 1485 2676 quoscum
1495 2606 1628 2659 Mastienis
1639 2612 1784 2680 componit,

168 2688 249 2740 maris
257 2686 385 2740 Adriatici
396 2688 507 2740 accolas.
522 2686 604 2754 Quod
612 2685 719 2757 quidem
732 2685 881 2755 longissime
892 2688 957 2756 peti·
1000 2688 1077 2741 sicuti
1087 2688 1203 2757 Avienps
1218 2686 1237 2739 l.
1255 2685 1272 2737 l.
1285 2686 1431 2738 Massirnos
1447 2695 1506 2755 post
1517 2685 1718 2756 Libyphoenices
1731 2708 1784 2741 mc·

169 2777 226 2817 tum
239 2777 288 2818 est.
300 2769 340 2819 De
352 2776 438 2819 cetera
446 2765 525 2836 hujus
536 2766 688 2819 mutationis
699 2766 800 2817 ratione
814 2766 850 2817 ita
858 2766 958 2819 Meine·
1002 2778 1095 2820 morat.
1112 2768 1122 2835 ΙΙ
1137 2796 1172 2806 -
1184 2767 1243 2834 198.
1260 2764 1284 2825 ἔξ
1296 2758 1324 2830 ἥς
1338 2764 1359 2814 δ’
1372 2764 1386 2816 b
1400 2763 1476 2835 λόγος
1489 2763 1573 2817 codex
1583 2786 1590 2829 ;
1600 2784 1652 2818 em.
1663 2766 1784 2836 Scaliger.

168 2845 246 2898 liius:
262 2870 273 2890 ·
289 2848 400 2899 Prorsus
409 2844 486 2897 aliem
493 2844 694 2915 suntaScymni
703 2855 759 2897 arte
767 2862 833 2914 quos
847 2846 957 2897 leuon-
1004 2846 1014 2913 ΙΙ
1028 2862 1135 2915 -199.
1148 2845 1339 2915 Ταρτήσσιοι
1351 2844 1360 2913 ]
1375 2844 1520 2896 Tartessius
1534 2844 1659 2897 etiamad
1673 2847 1785 2900 orienta-

168 2926 230 2978 nius
243 2926 357 2979 restituit
367 2941 492 2978 numeros
510 2922 651 2978 inserenda
662 2934 754 2977 contra
767 2922 866 2976 codicis
877 2923 956 2978 iidem
1001 2924 1050 2978 lem
1065 2924 1196 2996 Hispaniae
1204 2940 1278 2976 oram
1290 2922 1446 2994 pertinuisse
1455 2933 1549 2993 praeter
1558 2922 1701 2994 Scymnum
1716 2942 1787 2979 unus

167 3005 296 3076 parucula
311 3023 347 3058 τε.
373 3007 541 3074 Quamquam
559 3004 611 3057 boc
630 3003 739 3075 quidem
757 3003 956 3057 incommodum
1001 3004 1081 3057 tradit
1106 3003 1223 3057 Avienus
1239 3005 1287 3054 Or.
1314 3017 1381 3054 mar.
1399 3004 1451 3062 4ι6
1472 3000 1585 3067 :Igitur
1606 3003 1740 3070 columne,
1756 3020 1786 3058 ut

168 3085 251 3136 vitare
263 3083 391 3153 potuisset
404 3082 550 3136 omittenda
564 3099 644 3152 quam
664 3081 753 3134 intulit
765 3081 905 3152 particula,
921 3082 958 3134 ita
1000 3083 1120 3136 dirorum
1143 3079 1276 3152 Ltbysrtctt
1302 3084 1414 3151 Europes
1439 3079 1466 3132 in
1493 3097 1556 3146 agro
1575 3079 1688 3134 aduersa
1700 3086 1787 3151 surgit

168 3174 198 3215 ut
213 3162 304 3232 λλόρίας
315 3162 436 3232 adjectivi
449 3163 537 3215 locum
548 3155 675 3225 obtinent,
688 3172 715 3214 et
728 3161 743 3212 b
757 3159 847 3231 Ἀδρίας
862 3160 957 3231 Ἴστρος
1001 3163 1094 3217 altem.
1118 3163 1172 3216 Hic
1186 3161 1295 3230 Climsus
1317 3157 1401 3230 (hod.
1421 3157 1557 3212 Gaudium
1571 3159 1580 3232 )
1596 3161 1683 3213 ernam
1701 3163 1786 3216 intrat

168 3241 373 3312 conjungantur.
386 3242 529 3312 &ymnum
538 3242 609 3293 enim
619 3257 712 3292 eorum
721 3241 876 3292 sententiam
884 3257 957 3292 secu·
1001 3241 1084 3293 ultrum
1094 3239 1233 3308 gurgitem.
1249 3238 1326 3291 Ultra
1339 3237 1458 3308 citraque
1468 3248 1582 3310 quatuor
1590 3251 1677 3304 gentes
1686 3241 1784 3296 colttnt.

169 3331 307 3386 tumesse,
319 3322 365 3391 qui
376 3321 474 3374 Istrum
489 3321 517 3372 in
540 3318 595 3372 duo
614 3319 724 3372 flumina
735 3318 849 3388 disjungi
868 3320 957 3372 existi·
1001 3325 1072 3373 Nam
1093 3317 1321 3387 suntseroersltoe
1340 3315 1533 3388 Libyphoeniers
1549 3315 1621 3379 nco,-
1634 3331 1697 3370 sunt
1711 3323 1785 3372 Mas·

169 3409 281 3464 marcnt,
290 3398 557 3469 quorumalterumin
566 3400 654 3450 sinum
662 3395 838 3461 Adriaticum,
846 3397 957 3450 alterum
1000 3400 1083 3462 sirni;
1109 3417 1186 3465 regna
1202 3396 1331 3449 Cilbicenn
1350 3407 1414 3448 sunt
1429 3393 1532 3462 feracis
1549 3395 1618 3461 agri,
1644 3408 1669 3448 et
1688 3396 1787 3452 distites

170 3477 198 3530 in
208 3481 324 3532 Pontum
336 3479 470 3530 Euxinum
485 3479 577 3542 exiret,
587 3496 620 3529 ex
629 3495 655 3530 v.
667 3481 718 3540 664
732 3476 900 3546 intelligitur:
912 3475 957 3542 τὴν
1005 3478 1143 3542 Tartessii,
1158 3476 1204 3549 qui
1214 3475 1390 3549 porriguntur
1403 3473 1429 3527 in
1445 3473 1607 3527 Cttlactinum
1618 3475 1716 3528 sinunt.
1730 3481 1787 3530 llos

169 3555 281 3627 brepdvo
295 3559 380 3627 χώραν
393 3556 419 3610 δὲ
432 3557 503 3627 μέχρι
521 3559 565 3608 τοῦ
581 3555 703 3607 Ποντικοῦ
725 3554 822 3624 Ἴστρον
835 3556 959 3624 παρεκτεί-
997 3569 1108 3630 propter
1120 3569 1206 3609 utitem
1223 3573 1283 3607 mos
1300 3555 1395 3624 jugum
1411 3553 1562 3605 Rurbetium
1582 3565 1630 3616 est,
1646 3557 1787 3608 Metlarius-

172 3654 241 3686 νοοσι
252 3635 346 3706 θρᾷκες
355 3637 503 3706 νεμόμενοι,
516 3635 612 3706 quibus
626 3634 712 3686 verbis
719 3633 879 3686 manifestob
891 3634 957 3686 liov-
1001 3637 1160 3707 queslumen,
1178 3633 1239 3686 urle
1248 3651 1306 3685 curn
1317 3632 1499 3700 cognomine...
1518 3633 1707 3686 Tartessiorum
1713 3637 1787 3704 juris

169 3711 237 3774 τικλς
248 3712 344 3783 Ἴστρος
353 3715 498 3784 opponitur
506 3718 542 3785 τῷ
551 3710 699 3783 λλδριατιιιῷΙ
711 3711 753 3765 Ct'.
762 3730 787 3764 v.
795 3717 857 3782 776.
867 3713 958 3765 Enim·
1003 3714 1058 3766 illic
1068 3710 1275 3766 irtsrtlunntirtnt
1282 3712 1378 3775 urbest,
1388 3709 1572 3764 Noctilucoeub
1582 3710 1787 3765 incolissncrntu

170 3809 233 3843 vero
257 3791 308 3845 alia
328 3808 434 3862 quoque
454 3789 607 3845 difficultate
629 3791 702 3845 locus
721 3792 860 3862 premitur.
884 3791 957 3858 Quid
997 3791 1112 3864 pridem.
1128 3791 1231 3845 Deinde
1240 3800 1380 3862 postquam
1389 3801 1540 3860 sequentem
1553 3808 1628 3843 oram
1643 3789 1652 3862 (
1665 3792 1691 3842 in
1706 3811 1787 3863 eaque

170 3869 242 3922 enim
252 3887 401 3924 musaeesse
412 3867 547 3934 dicamus,
558 3869 631 3940 quod
646 3871 750 3923 tertiam
764 3881 868 3939 gentem
878 3889 958 3941 quam
1002 3873 1156 3924 Massienam
1174 3869 1267 3922 urbem
1282 3870 1416 3941 multaque
1430 3868 1585 3922 Phoenicum
1604 3866 1659 3920 loca
1672 3867 1681 3939 )
1696 3887 1786 3923 recen-

170 3948 269 4002 borcali
283 3949 413 4002 columnae
424 3950 537 4006 vicinam
553 3949 619 4002 dicit
631 3952 752 4021 scriptor,
770 3951 854 4002 inutili
866 3951 958 4004 verbo-
1002 3952 1053 4003 suit
1067 3968 1151 4021 usque
1165 3949 1198 4002 ad
1212 3948 1383 4002 Theodorum
1399 3950 1410 4018 (
1424 3947 1509 4001 mter
1518 3947 1586 4000 Plin.
1599 3949 1648 4010 111,
1669 3952 1695 4010 4.
1716 3953 1787 4002 Tere-

170 4045 232 4079 rum
241 4029 484 4100 circumscriptione
493 4046 508 4080 e
518 4028 663 4098 longinquo
674 4027 811 4080 ostendere
821 4046 900 4099 quam
910 4047 958 4081 suo
1003 4031 1044 4084 hir
1054 4034 1107 4094 Pt.,
1119 4031 1147 4083 lt.
1158 4033 1253 4096 Segeira
1261 4033 1271 4096 )
1280 4026 1482 4091 lluvium‚addit
1491 4045 1515 4080 v.
1528 4029 1579 4088 462
1587 4041 1593 4078 :
1601 4026 1654 4080 Hic
1663 4027 1787 4081 terminus

171 4105 279 4158 nomine
286 4107 415 4178 appellare
423 4107 550 4160 voluerit?
558 4111 650 4178 ltaque
657 4125 710 4160 non
719 4111 816 4160 Istrum
825 4107 958 4160 sedistros
1002 4109 1131 4182 quondum
1142 4107 1218 4160 stetit
1233 4107 1423 4160 Tartessiorum
1433 4128 1441 4168 ,·
1451 4106 1493 4158 liic
1505 4108 1594 4159 Herna
1605 4105 1703 4157 ciuitas
1708 4106 1771 4174 suit
1777 4131 1787 4170 ;

172 4197 391 4238 commemoratos
416 4186 545 4252 arbitror,
566 4202 651 4257 eoque
672 4187 750 4238 etiam
777 4185 861 4238 codex
885 4187 959 4239 ducit
1003 4195 1138 4259 (tyntnetes
1152 4188 1216 4240 istos
1227 4204 1289 4253 gens
1305 4187 1373 4239 locos
1393 4185 1531 4238 insederat.
1547 4185 1669 4236 Ceterum
1686 4202 1718 4236 co
1733 4185 1788 4238 lere

173 4261 269 4331 inquo
281 4261 370 4334 Ἴστρῳ
388 4265 516 4336 scriptum
532 4276 580 4318 est.
600 4265 661 4318 Istri
673 4274 761 4317 autern
774 4266 882 4317 Venetis
895 4285 958 4318 con·
1004 4285 1087 4338 usque
1099 4265 1292 4319 Tartessiorum
1311 4263 1385 4317 sedes
1397 4263 1509 4334 prolatas
1527 4280 1583 4315 esse
1599 4264 1702 4314 nonnisi
1715 4281 1731 4315 a
1746 4281 1787 4316 se·

172 4341 289 4394 termini.
312 4343 348 4394 V.
369 4343 460 4414 Scylax
481 4347 557 4411 sao,
581 4346 717 4396 Hecataeus
734 4361 777 4415 ap.
796 4345 835 4408 St,
854 4346 916 4414 Byr.
932 4364 958 4399 ν.
1003 4347 1119 4399 rioribus
1131 4361 1279 4416 parumque
1296 4345 1423 4396 accuratis
1441 4341 1626 4414 scriptoribus,
1642 4342 1687 4411 qui
1704 4352 1786 4395 totam

172 4417 281 4489 Ἴστροι,
295 4421 424 4492 Scymnns
436 4441 461 4475 r.
481 4423 549 4490 391,
562 4431 589 4475 et
603 4441 682 4493 quem
694 4425 822 4493 Scyrnnus
834 4425 960 4493 expressit
1003 4427 1123 4480 Baeticam
1135 4437 1161 4478 et
1172 4425 1324 4477 ulteriorem
1333 4425 1411 4476 etiam
1422 4423 1555 4492 regionem
1566 4421 1689 4491 usquead
1699 4422 1787 4474 Balea-

172 4497 348 4567 Apollodorus
359 4519 403 4572 ap.
416 4503 455 4554 St.
467 4502 499 4554 Β.
513 4519 537 4553 v.
558 4499 666 4564 Ὗλλεῖς.
684 4502 807 4554 Ceterum
820 4500 888 4563 ἔντος
906 4521 958 4555 non
1004 4505 1074 4559 rides
1097 4504 1150 4558 sere
1171 4504 1268 4556 insulas
1285 4504 1442 4556 Tartessiam
1463 4502 1562 4554 laxiore
1576 4499 1695 4553 vocabuli
1709 4519 1787 4554 sensu

171 4595 232 4630 cnm
253 4585 302 4631 τῶν
319 4577 504 4648 jungendum,
527 4591 557 4634 ut
575 4581 660 4634 visum
680 4592 719 4634 est
737 4582 959 4645 Letronnio,stsl
1004 4587 1138 4648 vocarint,
1153 4582 1225 4636 credi
1240 4583 1330 4654 possit,
1343 4599 1374 4634 ae
1385 4591 1499 4634 statuere
1510 4578 1614 4633 videtur
1628 4581 1785 4633 Moversius.

171 4674 232 4709 curn
248 4659 419 4729 sequentibus
433 4658 467 4721 εἰς
485 4658 529 4713 τὸν
551 4659 657 4732 leptim
669 4661 776 4730 genitivi
789 4671 876 4713 autern
896 4679 960 4732 pen·
1005 4666 1078 4718 Licet
1090 4673 1176 4716 tamen
1197 4662 1302 4733 Scymni
1318 4659 1628 4730 Arieniquesententinm
1647 4657 1789 4711 defendere

171 4735 278 4790 ‹lentnb
288 4736 489 4810 irgammqnod
497 4759 529 4793 ex
541 4742 720 4812 superioribus
731 4741 927 4794 assumendum.
945 4769 956 4789 ι
1004 4754 1030 4795 et
1041 4741 1074 4794 ad
1081 4743 1250 4793 remotiorem
1267 4749 1366 4792 aetatem
1379 4737 1486 4790 referre.
1496 4738 1600 4790 Etenim
1608 4755 1690 4808 quum
1701 4737 1789 4789 Poenis

175 4817 186 4882 11
194 4846 230 4857 -
238 4822 298 4885 196.
309 4821 334 4870 λ
344 4817 505 4888 digressione
513 4819 547 4872 de
554 4821 687 4877 Celtarum
696 4819 802 4873 sedibus
808 4820 858 4873 late
869 4833 960 4892 paten·
1003 4823 1140 4874 Tartessus
1151 4819 1283 4871 diceretur
1302 4817 1409 4882 Turris,
1425 4815 1458 4869 ad
1469 4816 1614 4869 'l'artessios
1627 4819 1732 4868 lllovers
1747 4833 1789 4868 re-

173 4891 244 4946 tibus
263 4895 332 4974 redit
347 4898 494 4962 auctorad
508 4899 628 4952 Herculis
641 4900 792 4963 columnas,
807 4899 960 4952 orientalem
1005 4899 1187 4970 sert'lepnltov
1200 4909 1225 4951 et
1243 4895 1376 4967 Θιρσίτας,
1392 4912 1509 4965 quorum
1529 4896 1650 4948 meminit
1663 4894 1789 4964 Polybius

173 4973 305 5044 Hispaniae
323 4993 398 5029 oram
408 4978 586 5048 expositurus.
600 4981 692 5047 Quum
709 4979 736 5031 in
746 4977 960 5032 antecedentibus
1004 4981 1054 5044 111,
1065 4979 1109 5042 33,
1126 4997 1153 5046 9,
1168 4977 1214 5029 ubi
1227 4993 1233 5028 :
1247 4971 1309 5042 ἦσαν
1323 4973 1349 5027 δὲ
1360 4974 1384 5026 oi
1401 4973 1527 5034 διαὸάντις
1543 4972 1599 5044 (sc.
1610 4973 1788 5043 genteslberi·

168 5049 225 5120 jam
239 5055 388 5109 meminerit
397 5057 453 5110 site
462 5058 490 5110 in
504 5058 625 5111 colitore
641 5061 763 5112 Maenacae
786 5058 876 5121 urbis,
892 5058 960 5112 ordo
1005 5077 1041 5110 ra
1052 5058 1085 5110 ab
1097 5055 1242 5110 Hannibale
1256 5055 1282 5107 in
1297 5053 1416 5124 ,Libyam
1430 5049 1786 5123 transductm)0spntrnt,

172 5149 334 5201 pmcgsseos
349 5135 482 5206 neglectus
501 5137 581 5203 soret,
597 5139 647 5190 nisi
665 5139 781 5190 Menace
800 5155 832 5190 ex
846 5139 960 5190 auctoris
1007 5138 1106 5190 λίαοτι
1114 5155 1147 5188 αν
1155 5135 1199 5197 oi,
1209 5133 1267 5204 πρὸς
1278 5132 1304 5185 δὲ
1315 5133 1409 5194 τούτοις
1419 5129 1527 5202 ’upra
1538 5130 1634 5200 Ἷὸηρες
1644 5123 1684 5182 iat
1695 5129 1788 5182 ’Όλκιι-

172 5212 298 5280 opinione
308 5230 391 5284 prope
402 5215 536 5268 columnas
554 5228 620 5270 esset
636 5216 796 5270 collocanda.
811 5219 821 5286 ΙΙ
844 5247 880 5258 -
900 5222 960 5284 196.
1006 5217 1152 5279 tacetur,
1166 5219 1211 5277 ο4,
1226 5213 1270 5266 ulii
1279 5213 1305 5264 in
1316 5223 1418 5265 vetusto
1427 5211 1522 5264 lmdere
1534 5209 1787 5278 i'mtlmginiensium

174 5290 443 5346 DeSartluomaricl.
456 5313 481 5346 v.
497 5298 554 5348 168.
568 5298 623 5364 41-
647 5313 705 5365 197.
730 5297 959 5366 λιὸοροίνικες]
1008 5296 1175 5364 legitur2703
1191 5289 1786 5363 λαλοῦᾶκροιτηρίον,λίαστίας,Ταραν,ιόυ,
