3950 5925
309 558 734 687 annones
1091 447 1569 738 ⁰1jnnn0nrs

158 832 566 917 ΚΑΡΧΗΔΟΝΙΩΝ
592 839 857 921 ΒΑΣΙΛΕΩΣ
996 847 1512 936 CARTHAGINIENSIUM
1543 862 1692 943 REGIS

328 1070 695 1169 HEPtnnot‘t
1187 1086 1499 1189 PElllPLUS

112 1306 177 1353 run
202 1306 285 1355 ΥΠΕΡ
313 1310 371 1357 ΤΑΣ
397 1310 582 1362 ΗΡΑΚΛΕΟΥΣ
616 1316 738 1363 attinnt
764 1316 902 1365 atlttttntt
950 1328 1061 1369 annun
1085 1328 1255 1381 Qunsuur
1275 1326 1735 1385 narranaacumscoiuunas

366 1399 429 1446 ΤΤΙΣ
450 1399 508 1447 ΤΗΣ
532 1401 654 1463 Mutat,
1100 1418 1282 1462 ttni'caauu
1299 1422 1406 1465 ranan
1423 1426 1580 1481 vaarrnn,

128 1585 156 1631 δν
168 1584 209 1632 καὶ
223 1586 333 1641 ἀνέθηκεν
345 1585 369 1634 έν
383 1591 420 1648 τῷ
431 1592 473 1637 τοῦ
484 1590 574 1651 Κρόνου
586 1591 685 1653 τεμένει,
698 1592 813 1649 δηλοῦντα
824 1592 887 1641 τάδε.
947 1608 1014 1653 (μεσπι
1029 1597 1096 1641 ctiam
1111 1596 1223 1643 rlcdicavit
1238 1600 1260 1643 ln
1272 1600 1361 1645 saturni
1375 1602 1484 1656 ilclrrbro,
1494 1606 1636 1653 eslilbcntorn
1650 1610 1731 1654 tracus.

152 1942 247 2012 Ἔδοξε
266 1946 458 2026 Καρχηδονίοις
477 1940 595 2007 Ἄννωνα
616 1947 691 2006 πλεῖν
714 1946 764 2015 ἔξω
788 1950 899 2020 Στηλῶν
981 1946 1081 2009 Placuit
1094 1956 1350 2025 Carthaginiensibus
1362 1958 1518 2013 Hannonem
1528 1966 1649 2031 navigare
1657 1978 1730 2021 extra

113 2034 278 2111 Ἡρακλείων
299 2034 345 2092 καλ
365 2034 455 2103 πόλεις
472 2034 567 2105 κτίζειν
592 2036 796 2117 Λιόυροινίκων.
841 2039 897 2099 Καί
945 2043 1362 2097 (λιλαιοιιοελλετειιλοκεεῑιιιλιεο
1372 2047 1486 2101 condere
1501 2050 1730 2121 Libyphoenicum.

113 2120 223 2179 ἔπλευσε
247 2122 466 2202 πεντηκοντόρους
487 2122 612 2193 ἑξήκοντα
632 2125 719 2202 ἄγων,
734 2125 779 2183 καλ
801 2128 898 2196 πλῆθος
945 2131 1081 2198 Navigavit
1100 2132 1180 2198 igitur
1194 2149 1273 2183 naves
1286 2133 1500 2202 quinquagenum
1525 2153 1659 2190 remorum
1680 2138 1730 2191 dn·

102 2211 213 2287 -ίνδρῶν
225 2210 271 2266 καὶ
289 2214 419 2286 γυναικῶν
435 2212 473 2277 είς
487 2211 597 2291 ἀριθμόν
613 2212 746 2290 μυριάδων
759 2216 837 2293 τριῶν
849 2214 895 2272 καί
946 2218 1147 2287 ceusseraginta
1162 2228 1188 2271 ct
1202 2219 1318 2271 virorum
1330 2220 1522 2291 mulierumque
1535 2224 1731 2279 multitudinem

112 2298 172 2354 σῖτα
184 2297 230 2354 καί
243 2296 291 2367 τὴν
307 2298 393 2369 ἄλλην
406 2298 588 2378 παρασκευήν.
945 2306 979 2357 ad
998 2306 1103 2375 triginta
1113 2306 1192 2359 millia
1206 2316 1231 2359 et
1243 2324 1375 2359 annonam
1386 2318 1726 2387 ceterumqueapparatum.

152 2405 177 2444 ε.
200 2384 249 2451 Ὡς
258 2385 282 2443 δ’
292 2384 448 2463 ἀναχθέντες
458 2384 504 2452 τὰς
514 2388 621 2458 Στήλας
631 2387 837 2467 παρημείψαμεν
850 2390 896 2447 καί
981 2411 1007 2445 a.
1028 2396 1169 2463 Postquam
1179 2396 1261 2447 cvocti
1275 2393 1417 2447 Columnas
1430 2399 1610 2467 superavimus
1624 2410 1650 2451 et
1659 2410 1733 2455 extra

111 2472 161 2540 ἔξω
175 2475 257 2531 πλοῦν
274 2474 344 2531 δυοῖν
357 2476 464 2551 ἡμερῶν
478 2473 660 2550 ίπλειίοαμεν,
675 2475 816 2549 ἐκτίσομεν
828 2475 898 2553 πριό·
945 2502 988 2535 cas
1003 2482 1112 2534 biduum
1123 2482 1315 2551 navigavimus,
1326 2484 1439 2553 primam
1449 2484 1617 2539 condidimus
1627 2488 1730 2554 urbem,

110 2586 157 2631 την
177 2562 267 2633 πόλιν,
293 2562 385 2632 ἥντινα
404 2560 580 2639 ὠνομάσαμεν
594 2562 786 2641 Θνμιατήριον·
807 2564 896 2623 πεδίον
945 2569 1458 2641 quamnominavimus‘llrymiaterium
1470 2576 1732 2645 campuseimagnus

110 2650 133 2704 δ’
146 2650 213 2727 τίνι-ἠ’
227 2647 299 2727 μέγα
312 2651 393 2720 ὑπῆν.
575 2675 580 2681 ·
944 2658 1060 2709 suberat.

144 2868 321 2938 Βασιλέως]
336 2872 391 2921 lica
404 2870 500 2921 Hanno
514 2878 603 2921 noster
616 2868 687 2939 apud
700 2869 820 2921 Solinum
831 2888 896 2939 quo-
945 2871 1016 2922 trait.
1035 2894 1045 2915 ι
1063 2868 1094 2921 Id
1109 2880 1196 2921 tamen
1207 2886 1255 2921 cur
1268 2878 1411 2921 statuamus
1423 2870 1488 2923 nihil
1502 2871 1591 2935 video,
1605 2890 1687 2941 quum
1696 2872 1731 2925 de

107 2965 161 3017 que
176 2948 272 3019 Polyb.
290 2951 308 3017 ς
328 2951 361 3000 56
383 2948 542 3020 appellatum
566 2948 709 3021 imperator
721 2966 764 3019 ap.
781 2948 896 3002 Plinium
942 2950 1044 3003 ratione
1059 2967 1111 3020 qim
1124 2958 1325 3000 monumentum
1336 2959 1455 3002 nostrum
1471 2950 1498 3002 in
1511 2952 1604 3022 τεμένει
1618 2970 1730 3004 asserva-

107 3029 156 3090 I'I,
170 3029 219 3092 31;
235 3028 296 3080 dux
307 3045 351 3098 ap.
366 3028 481 3081 eundem
496 3030 533 3092 V,
551 3045 575 3092 r,
594 3045 617 3080 1.
632 3027 750 3097 intellige
766 3046 849 3080 uuum
863 3047 897 3079 ca
943 3039 1000 3080 tum
1016 3027 1104 3092 luerit,
1116 3029 1227 3080 omnino
1239 3027 1303 3080 nihil
1313 3037 1423 3091 constet,
1437 3039 1463 3080 et
1475 3030 1530 3099 ipsa
1544 3031 1586 3082 illa
1599 3030 1624 3086 ἐν
1636 3034 1730 3101 τεμένει

106 3105 213 3159 «luobus
235 3109 361 3177 (larthag.
384 3107 481 3177 sufetis
507 3109 552 3180 (v.
579 3111 672 3162 Festus
693 3127 716 3161 s.
742 3127 781 3173 v.;
805 3111 895 3162 Livius
944 3108 1022 3160 verba
1037 3107 1088 3160 late
1101 3115 1215 3178 pateant.
1240 3107 1308 3158 Fieri
1330 3108 1410 3175 igitur
1431 3109 1527 3177 potuit,
1550 3119 1579 3160 nt
1598 3110 1624 3160 in
1642 3111 1729 3180 templi

106 3187 264 3251 XXXVIII,
286 3187 354 3258 37),
369 3205 437 3257 quos
457 3189 542 3240 Graeci
568 3206 662 3240 vocare
683 3188 768 3240 solent
789 3188 898 3258 βασιλεῖς
941 3186 1102 3256 ὀπισθοδόμῳ
1116 3203 1169 3238 non
1184 3186 1267 3236 cuivis
1279 3195 1383 3255 patente
1396 3185 1435 3238 vel
1446 3187 1524 3238 etiam
1540 3188 1566 3238 in
1580 3187 1631 3239 alio
1648 3187 1728 3240 scilili-

107 3263 562 3334 νοΙπρωτεδοντας,1ίοιιιοιιίοιοιίο
575 3284 645 3331 reges
670 3266 751 3318 modo
766 3268 892 3328 consules,
941 3268 983 3317 cio
995 3265 1028 3318 ad
1044 3265 1133 3336 templi
1146 3267 1245 3335 τέμενος
1254 3264 1401 3336 pertinente
1413 3264 1439 3316 id
1450 3282 1531 3334 genus
1544 3265 1610 3318 tituli
1622 3269 1728 3336 sepositi

104 3341 186 3394 modo
196 3343 353 3396 dictatores.
364 3346 401 3397 V.
411 3345 498 3414 Kluge
505 3336 539 3397 ad
549 3307 684 3398 Aristolel.
693 3347 733 3398 Dc
742 3346 893 3415 carthagin.
941 3354 1037 3397 essent.

105 3439 162 3490 rep·
177 3440 203 3473 c.
219 3437 237 3472 α
253 3431 281 3474 et
297 3441 324 3492 7.
339 3427 501 3493 ll-ri'iv...
519 3425 639 3495 μερῶν]
653 3426 684 3476 In
698 3425 740 3477 his
750 3424 894 3478 dictionem
975 3428 1029 3492 §¹-
1045 3425 1193 3494 κτίζειν]
1206 3425 1268 3477 Hac
1283 3441 1341 3495 von¹
1353 3423 1404 3476 hoc
1424 3423 1482 3475 loco
1495 3423 1635 3476 adhibetur
1651 3443 1729 3478 scnsu

104 3499 192 3551 colore
206 3503 311 3553 Punico
325 3504 435 3554 tinctam
449 3513 582 3556 auctorem
595 3504 709 3574 prodere
725 3504 894 3557 mediocriter
941 3504 1056 3568 laxiore;
1076 3522 1137 3556 nam
1159 3521 1239 3556 unam
1254 3513 1356 3556 tantum
1377 3502 1485 3565 urbem,
1507 3503 1726 3572 Thymiaterium,

104 3597 187 3644 grace
200 3578 312 3632 doctum
326 3593 414 3634 censet
427 3582 549 3651 Klugius,
566 3593 637 3635 recte
652 3583 782 3646 fortassis;
804 3601 895 3653 quam·
941 3583 1038 3634 Hanno
1049 3580 1178 3643 condidit,
1191 3581 1284 3642 ἕκτιοε;
1298 3579 1410 3650 reliquas
1422 3582 1497 3632 novis
1507 3581 1597 3632 incolis
1608 3579 1728 3652 linquen-

103 3675 183 3725 quam
189 3656 253 3726 jure
265 3661 362 3729 quoeris
372 3679 436 3713 num
446 3661 501 3715 baec
511 3662 606 3733 Peripli
618 3664 755 3734 inscriptio
762 3663 796 3714 ad
809 3665 895 3734 ipsum
940 3662 1014 3724 tavit,
1026 3663 1160 3732 κατῴκισεν
1171 3661 1181 3726 ll
1193 3691 1230 3702 ·-
1239 3661 1489 3730 πεντηκοντόρου
1497 3659 1526 3730 ς]
1542 3685 1552 3704 ι
1564 3661 1728 3729 Bougninvil-

102 3753 195 3800 grecae
216 3739 346 3790 versionis
364 3751 498 3793 auctorem
520 3743 555 3794 sit
574 3741 720 3795 reserenda.
752 3743 819 3794 Nam
841 3743 897 3812 ple·
940 3738 991 3791 lius
1007 3741 1106 3808 (Mein.
1122 3740 1153 3792 de
1167 3739 1272 3792 I'Acnd.
1288 3739 1315 3791 d.
1332 3743 1417 3792 Inscr¹
1436 3749 1455 3790 t.
1471 3741 1598 3800 XXVIII,
1614 3757 1641 3810 p.
1655 3741 1725 3811 αδδ)

102 3833 220 3884 rumque
234 3816 366 3886 longiores
378 3819 405 3871 id
418 3838 499 3888 genus
511 3822 695 3890 inscriptiones
708 3821 836 3872 citerioris
847 3823 894 3874 reri
939 3836 972 3870 ex
985 3819 1142 3890 Thucydide
1162 3817 1375 3890 prolrarestudet
1390 3819 1458 3871 lianc
1470 3819 1661 3886 navigationem
1676 3822 1726 3888 703

99 3894 198 3946 scribis
218 3894 360 3949 debentur.
376 3901 387 3966 l
401 3898 608 3969 —dvidnasv1
620 3902 655 3952 V.
669 3899 867 3966 Prolegomena.
882 3902 892 3967 ΙΙ
940 3915 1024 3950 annos
1037 3899 1102 3950 a.C.
1121 3897 1215 3950 laetam
1226 3915 1291 3950 csse.
1301 3900 1384 3949 Docet
1395 3896 1642 3968 enim'l'hucydidcs
1653 3900 1727 3951 trim-

100 4003 140 4011 -
154 3973 299 4045 Κρόνου]
312 3977 474 4029 Gorillamm
490 3978 579 4048 pelles,
595 3995 660 4047 quas
673 3997 706 4030 ex
720 3980 814 4030 itinere
831 3980 896 4032 sar·
940 3994 995 4028 mes
1010 3979 1061 4030 300
1074 3996 1157 4030 annos
1167 3977 1333 4030 antebellum
1345 3977 1594 4047 Peloponnesiacum
1609 3977 1727 4034 inventes

100 4051 238 4120 tbagiuem
249 4065 428 4124 asportaverat
439 4057 546 4120 Hanno,
560 4055 631 4127 apud
648 4057 762 4110 Plinium
775 4059 812 4121 V,
826 4058 860 4110 36
868 4069 895 4110 et
939 4072 1010 4120 essc;
1026 4075 1088 4126 crgo
1100 4075 1177 4109 slaves
1196 4057 1385 4126 quinquaginta
1403 4057 1482 4108 mmis
1502 4057 1640 4108 instructas
1656 4069 1726 4110 corte

99 4131 225 4183 Solinum
243 4132 261 4183 l.
275 4132 293 4184 l.
306 4132 441 4186 dedicasse
452 4134 551 4187 dicitur
561 4154 616 4188 nnn
630 4137 657 4187 in
676 4135 775 4206 templo
787 4137 893 4190 Saturni
939 4146 1046 4187 centum
1062 4136 1250 4205 quinquaginta
1269 4153 1352 4187 annos
1363 4145 1423 4204 post
1441 4133 1573 4187 conditam
1592 4135 1726 4204 Cartbagi-

102 4211 178 4275 (εἰπε
189 4210 288 4280 Baalil,
299 4211 468 4266 sodJuuonis
478 4213 550 4285 (sive
559 4215 705 4286 Astarte),
721 4233 823 4285 ·quum
832 4215 896 4268 buic
939 4231 1000 4266 nem
1015 4215 1042 4266 in
1057 4233 1106 4266 usu
1128 4213 1214 4266 luisse.
1231 4215 1331 4267 Verum
1346 4213 1402 4265 hacc
1415 4214 1481 4266 ratio
1499 4211 1572 4266 facilc
1583 4213 1722 4267 refutatur.

99 4287 169 4352 (icae,
186 4300 217 4340 ut
232 4290 346 4359 Rlugius
358 4294 516 4363 suspicatur,
532 4292 662 4363 ejusmodi
675 4294 758 4365 spolia
771 4305 895 4364 tanquam
938 4293 995 4345 Tali
1017 4295 1088 4346 enim
1109 4292 1270 4364 expeditioni
1291 4293 1428 4368 maritjmae
1446 4291 1629 4344 conducebant
1648 4311 1726 4346 naves

100 4368 208 4419 itiomis
217 4371 341 4439 primitiae
355 4369 551 4425 dedicarentur.
567 4399 579 4418 ι
592 4377 628 4427 nt
636 4391 719 4443 quum
737 4375 826 4426 omnia
837 4392 896 4444 quae
939 4374 1075 4436 oneraria,
1100 4373 1214 4424 minores
1226 4371 1344 4442 quidem,
1360 4370 1406 4423 scd
1421 4371 1476 4423 latae
1489 4389 1519 4422 ac
1536 4369 1619 4440 pilanae
1638 4382 1664 4424 et
1691 4373 1725 4425 itu

97 4445 137 4496 de
150 4448 291 4500 Hannonis
303 4451 396 4502 itinere
410 4451 482 4522 apud
495 4452 609 4505 Plinium
622 4453 793 4523 Solinumque
803 4452 893 4521 legun·
939 4462 1105 4523 comparata,
1118 4459 1148 4504 ut
1165 4461 1250 4503 nautae
1262 4469 1315 4504 non
1334 4449 1419 4502 solum
1434 4465 1508 4502 oram
1521 4450 1678 4503 maritimam
1691 4450 1725 4504 ltu

98 4535 158 4589 tur,
171 4545 206 4577 ex
225 4529 337 4598 impuris
351 4529 475 4582 llunerint
494 4531 621 4595 lontibus,
639 4532 666 4584 iu
687 4531 737 4584 bac
750 4549 855 4601 quoque
868 4551 896 4584 rc
938 4549 1009 4598 gere,
1025 4530 1069 4583 sed
1083 4529 1147 4583 vada
1157 4541 1183 4581 ct
1196 4547 1263 4582 caeca
1275 4547 1336 4582 saxa
1350 4529 1441 4580 leviter
1454 4527 1591 4599 supervebi
1607 4540 1722 4598 possent,

98 4620 179 4672 pane
190 4605 263 4658 nulla
271 4625 364 4660 eorum
378 4611 577 4662 astauctoritas.
593 4614 604 4678 ΙΙ
616 4641 652 4651 -
663 4629 698 4663 τε
709 4611 813 4681 μένει]
825 4613 896 4664 llan-
938 4609 1036 4678 quibus
1045 4610 1164 4661 triremes
1174 4619 1320 4678 ceteraque
1330 4625 1408 4659 naves
1418 4624 1518 4675 magnre
1532 4605 1608 4658 molis
1622 4607 1725 4661 illisum

98 4685 183 4734 nonis
199 4686 389 4754 navigationem
409 4689 446 4741 ita
459 4691 489 4741 in
509 4689 608 4760 templo
630 4689 776 4742 dedicatam
796 4690 892 4754 luisse,
939 4687 1035 4740 locent.
1050 4686 1127 4759 Apud
1142 4687 1297 4740 Strabonem
1314 4686 1354 4756 (I,
1371 4703 1399 4755 p.
1416 4684 1471 4756 99)
1487 4685 1614 4738 Eudorus
1632 4685 1723 4738 endem

98 4772 132 4812 ut
152 4762 251 4816 tabulae
267 4765 306 4818 vel
321 4766 452 4820 oolumure
468 4769 620 4837 inscriptam
634 4769 742 4838 quilibet
756 4769 892 4821 consulere
938 4777 1070 4818 structura
1086 4767 1168 4818 utitur
1186 4764 1219 4817 ad
1238 4765 1321 4816 simile
1341 4764 1479 4816 consilium
1500 4763 1693 4835 exequendum.
1710 4791 1720 4810 ι

99 4851 204 4908 1msset,
210 4841 272 4911 jure
280 4843 340 4896 lioet
353 4844 519 4909 addubitare,
531 4863 614 4916 quum
623 4848 684 4898 satis
695 4855 797 4898 constet
808 4846 893 4898 celare
938 4847 1048 4897 Kanna.
1062 4844 1072 4911 ll
1086 4875 1122 4884 -
1133 4845 1293 4914 μυριάδων
1308 4848 1401 4912 τριῶν
1412 4843 1423 4912 ]
1433 4841 1510 4914 llpud
1521 4845 1626 4896 Graecos
1636 4842 1668 4894 nd
1679 4862 1724 4894 rm·

99 4921 196 4988 partius
212 4922 439 4992 Carthaginienses
457 4924 591 4977 studuisse
605 4942 778 4996 quecumque
794 4936 893 4995 specta·
937 4922 1036 4976 leniam
1044 4921 1225 4978 deducendam
1235 4923 1352 4992 quinque
1363 4921 1401 4974 rel
1411 4923 1489 4975 etiam
1500 4920 1532 4974 ad
1543 4920 1632 4974 ‹leccm
1645 4922 1724 4974 millio

99 5009 164 5048 rent
176 4998 319 5071 longinqua
330 5021 423 5055 corum
438 5005 597 5056 commercia
608 5005 790 5074 emporiaque·
805 5007 895 5071 Quare
938 5001 1077 5055 bominum
1092 5001 1176 5070 colligi
1196 5001 1383 5071 utplurimum
1400 5001 1527 5052 sololnnt.
1543 5001 1602 5052 Non
1625 5001 1724 5072 nimius

101 5077 266 5131 Ietronnius
280 5080 404 5150 (Poenm
415 5084 502 5148 geogr.
518 5099 546 5152 p.
560 5084 632 5153 230)
647 5100 654 5134 τ
672 5109 683 5128 ι
701 5085 767 5136 Ilien
780 5082 895 5154 n’empc·
938 5083 1018 5150 igitur
1030 5083 1137 5150 triginta
1151 5081 1261 5134 millium
1274 5097 1399 5133 numerus
1412 5079 1444 5132 ad
1459 5099 1503 5132 sca
1518 5079 1555 5130 vol
1567 5089 1665 5149 septem
1679 5097 1723 5132 co·

97 5154 163 5218 cbo,
183 5157 228 5220 ait,
245 5175 298 5228 que
314 5169 383 5210 oette
399 5161 591 5224 circonstance,
606 5161 701 5214 relati-c
721 5163 894 5231 uniquemcnt
937 5160 1021 5212 ionias
1036 5159 1265 5213 ritcinstitueudas
1278 5168 1406 5210 etcnntra
1421 5158 1521 5210 bostem
1538 5159 1563 5210 in
1575 5158 1723 5228 longinquis

98 5234 171 5284 daris·
185 5234 208 5286 le
225 5237 295 5300 titre,
312 5257 346 5290 ne
363 5239 416 5290 soit
428 5257 481 5292 urie
494 5238 614 5292 addition
629 5239 663 5292 de
680 5240 746 5292 celui
765 5242 811 5309 qni
829 5258 893 5292 aum
937 5239 1018 5310 plagis
1037 5237 1155 5292 tuendas.

101 5313 204 5365 {induit
214 5334 247 5368 cn
260 5335 321 5384 grec
333 5317 463 5387 l'originnl
476 5337 512 5371 ou
526 5321 571 5389 qni
585 5337 688 5373 cnaum
700 5320 789 5372 (lorini
802 5338 838 5372 un
847 5339 891 5371 ca·
974 5323 1024 5386 §a
1046 5319 1124 5390 Θυμι
1133 5318 1220 5388 arripi
1229 5337 1262 5370 ov
1275 5317 1285 5388 ]
1299 5319 1477 5370 lllemincrunt
1491 5315 1567 5386 liujus
1582 5316 1652 5368 uvliis
1662 5316 1722 5384 Scy·

236 5423 320 5458 cruca.
1577 5413 1586 5452 ¹
