3950 5925
124 420 198 502 (as.)
493 420 676 480 incursu
698 420 816 496 (ruico
838 420 1003 499 scrrrriri
1024 422 1138 483 oanis
1159 422 1396 485 nascarrrro.
1682 438 1736 488 or

179 552 285 611 πάντων
298 548 425 625 ἐπιτομὴν
438 551 489 607 τῶν
501 546 585 627 χύδην
600 549 760 628 εἰρημένων·
953 563 1073 615 οιειιιίιιιιι
1085 565 1217 634 epitomen
1229 581 1287 635 quse
1298 564 1368 617 dicta
1379 563 1434 617 luse
1446 575 1522 630 sunt;

179 638 268 718 μέτρῳ
282 635 310 695 dl
323 636 421 707 ταύτην
433 635 560 695 ἐκτιθέναι
574 638 725 715 προείλετο,
952 666 1030 702 versu
1045 651 1132 701 autem
1144 649 1213 703 hane
1224 668 1355 721 exponere
1368 649 1501 715 decrerit,

178 730 217 804 τῷ
229 728 341 804 κωμικῷ
353 723 394 797 il,
408 727 455 795 τῆι
468 723 597 803 saecvla<
610 724 698 804 χάριν,
951 752 1036 805 eoque
1047 735 1165 801 comico,
1180 736 1371 807 perspicuitatis
1388 738 1482 806 paria,

138 834 166 873 as
181 811 390 889 εὐμνημόνευτον
404 809 530 887 ἐσομένην
542 809 623 878 οὕτως
634 816 711 891 δρῶν.
952 820 1026 874 facile
1038 822 1076 873 sic
1089 822 1217 875 haesuram
1229 821 1321 874 ridens
1332 824 1469 876 memoria.

179 900 221 962 Τδ
233 902 255 957 δ’
269 898 359 976 όμοιον
373 896 467 956 έλαόεν
481 897 589 966 εἰκάσας
600 900 630 957 έκ
641 906 686 958 τοῦ
700 900 770 978 βίου·
951 908 1041 961 Simile
1054 927 1116 963 rer-o
1126 908 1253 980 quiddam
1265 919 1399 981 comparat
1413 929 1427 963 e
1440 911 1494 963 rita
1507 928 1621 965 sumens.

181 987 271 1067 ὥσπερ
285 986 337 1065 γὰρ
351 983 375 1044 εί
387 1008 427 1052 τις
437 983 578 1043 άναλαθὼν
591 987 661 1044 θέλοι
674 985 760 1067 φέρειν
951 995 1185 1063 Quemadmodum
1196 997 1267 1049 enirn
1278 1036 1285 1061 ‚
1297 997 1318 1049 si
1330 998 1388 1067 quis
1401 1008 1548 1068 susceptam
1559 998 1621 1051 velit
1634 998 1701 1051 serre

182 1074 265 1143 ξύλων
276 1072 426 1149 λελυμένων
441 1075 554 1149 πλῆθος,
570 1074 616 1131 οθκ
630 1072 662 1131 ἂν
674 1075 786 1153 εὐχερῶς
952 1082 1084 1152 lignorum
1097 1084 1243 1137 solutorum
1255 1086 1374 1155 eopiam,
1387 1104 1442 1138 non
1453 1085 1526 1139 lacile

180 1161 279 1221 τούτων
290 1158 440 1240 κρατήσαι,
453 1159 596 1236 δεδεμένων
611 1158 639 1218 δέ
652 1161 762 1242 ῥηιδίως·
951 1188 993 1223 rea
1006 1173 1121 1238 cesserit,
1136 1172 1212 1241 ligata
1223 1183 1309 1225 autem
1323 1172 1395 1226 nullo
1407 1173 1494 1227 tulerit
1508 1176 1611 1244 negotio
1624 1192 1630 1226 :

138 1271 167 1309 ro
179 1248 250 1307 οὕτω
259 1247 404 1326 λελυμένην
416 1245 485 1315 λέξιν
499 1246 641 1306 &istaista
653 1248 721 1327 ταχύ
952 1259 989 1310 sic
1001 1258 1113 1311 solutam
1124 1259 1271 1312 orationem
1285 1260 1404 1330 excipere
1414 1259 1533 1313 celeriter

179 1338 227 1395 οίικ
241 1334 313 1412 ἔστι,
327 1338 366 1415 τῷ
378 1334 466 1415 μέτρῳ
478 1333 506 1393 δέ
518 1336 742 1415 περιειλημμένην
952 1362 1007 1395 uon
1022 1344 1097 1409 lieet,
1110 1354 1137 1398 at
1151 1362 1227 1397 versu
1239 1345 1455 1416 comprehensam

181 1422 251 1481 ἔστιν
266 1431 410 1502 κατασχεῖν
424 1423 558 1489 εθσκόπως
569 1422 616 1481 καί
626 1427 769 1490 πιστικῶς·
851 1469 853 1474 .
953 1430 1014 1484 licet
1025 1434 1138 1485 retinere
1150 1443 1209 1503 apte
1220 1444 1246 1486 et
1257 1433 1383 1500 fideliter;

180 1512 236 1590 ἔχει
245 1508 296 1589 γάρ
310 1509 500 1590 ἐπιτρέχουσαν
513 1511 540 1568 έν
552 1512 632 1590 ἑαυτῇ
645 1510 731 1590 χάριν,
821 1584 824 1598 Ι
952 1519 1032 1572 habet
1044 1521 1116 1573 enirn
1128 1522 1303 1575 accessionem
1315 1524 1342 1575 irr
1357 1540 1384 1575 se
1396 1524 1497 1591 gratia,

181 1596 245 1654 ὅταν
256 1596 358 1675 ἱστορία
370 1596 416 1655 καί
427 1594 495 1663 λεία
506 1595 633 1676 ίμμντροι
645 1599 740 1677 πλικῇ.
952 1608 1060 1677 quando
1074 1609 1183 1663 historia
1195 1620 1223 1663 er
1235 1610 1311 1680 tigata
1324 1612 1408 1665 orario
1420 1621 1567 1663 amiantus.

140 1705 169 1744 iii
183 1685 275 1751 Κεῖνος
288 1683 336 1761 μὲν
350 1674 395 1743 adr
409 1684 542 1762 κεφάλαια
555 1683 724 1763 συναθροίσας
738 1682 840 1763 χρόνων
952 1693 999 1746 Ille
1011 1695 1090 1764 igitur·
1100 1698 1186 1767 capita
1197 1714 1212 1749 a
1223 1714 1250 1749 se
1263 1695 1371 1750 collecta
1383 1708 1532 1768 temporum

181 1774 217 1838 τίς
230 1771 358 1851 βασιλέως
373 1771 483 1830 ἀπέθετο
494 1769 654 1851 ριλαδέλρου
667 1768 764 1851 χάριν,
953 1780 980 1831 in
993 1782 1060 1850 regis
1071 1781 1233 1854 Philadelphi
1246 1785 1355 1853 gratiam
1366 1786 1498 1854 reposuit;

184 1859 201 1916 δ
215 1859 261 1918 καὶ
273 1858 316 1917 διὰ
328 1859 415 1928 πάσης
427 1857 515 1936 γέγονε
531 1861 577 1929 τῆς
588 1857 756 1934 οἰκουμένης,
953 1883 1012 1935 qaae
1023 1867 1130 1937 quidem
1142 1887 1189 1940 per
1200 1880 1285 1923 toturn
1298 1878 1440 1922 manarunt
1452 1870 1544 1923 orbern

182 1948 310 2007 ἀθάνατον
323 1946 488 2023 ἀπονέμοντα
500 1944 576 2013 δόξαν
589 1944 706 2027 Ἀττάλῳ
953 1963 980 2006 et
992 1955 1167 2009 immortalem
1178 1967 1306 2027 pararunt
1319 1956 1427 2025 gloriam
1439 1956 1542 2021 Attalo,
1627 2013 1633 2030 1

183 2037 230 2105 τῆς
242 2034 425 2115 πραγματείας
436 2032 584 2114 ἐπιγραφὴν
598 2035 724 2114 είληρότι.
954 2044 1041 2113 operis
1052 2042 1108 2113 ejus
1123 2044 1320 2115 inscriptionem
1333 2054 1420 2097 nacto.

141 2144 170 2182 so
184 2120 259 2199 Ἐγὼ
272 2124 295 2180 δ’
311 2120 425 2198 άκούων,
438 2120 504 2179 διότι
515 2124 567 2179 τῶν
579 2125 624 2179 ν’ύν
639 2122 769 2197 βασιλέοιν
954 2131 1012 2197 Ego
1024 2146 1086 2181 vero
1100 2128 1210 2181 audiens
1225 2139 1250 2181 te
1262 2148 1293 2181 ex
1307 2129 1385 2200 hujus
1398 2130 1445 2182 sevi
1458 2130 1563 2199 regibus

184 2209 261 2284 μόνος
275 2208 414 2289 βασιλικὴν
426 2208 595 2288 χρηστότητα
607 2208 773 2289 προσφέρεις,
954 2216 1040 2268 solum
1052 2217 1151 2284 regiam
1163 2215 1301 2268 ostendere
1313 2216 1518 2284 benignitatem,

183 2301 276 2376 πεῖραν
289 2296 431 2374 ἐπεθύμης’
444 2296 521 2361 αθτθς
532 2295 575 2354 έπ’
589 2298 704 2373 ἐμαυτοῦ
718 2296 809 2355 λαόεῖν
955 2301 1101 2372 perieulum
1115 2302 1201 2371 cupivi
1214 2303 1268 2372 ipse
1280 2318 1327 2371 per
1340 2320 1381 2353 me
1393 2301 1485 2364 iacere,

183 2385 229 2444 arel
242 2383 433 2463 παραγενέσθαι
445 2384 492 2442 καί
505 2382 531 2441 τί
546 2382 667 2463 βασιλεύς
681 2383 734 2442 ἐστ’
748 2386 822 2460 ἰδεῖν,
955 2400 981 2441 et
993 2388 1097 2451 adesse,
1110 2386 1212 2459 etquid
1226 2390 1259 2441 sit
1271 2407 1316 2441 rex
1328 2387 1431 2453 videre,

181 2472 216 2529 ἵν’
232 2472 308 2539 αὐτὸς
322 2472 418 2551 ἑτάροις
429 2472 509 2530 πάλιν
521 2469 697 2549 ἀπαγγέλλειν
709 2470 772 2550 ἔχω.
956 2486 986 2528 ut
998 2476 1053 2547 ipse
1066 2475 1122 2527 aliis
1135 2492 1227 2528 rursus
1239 2475 1360 2528 nuntiare
1372 2477 1480 2545 possim.

142 2582 171 2623 ss
185 2560 232 2621 Διὸ
243 2564 276 2638 τῇ
289 2559 410 2640 προθέσει
422 2558 571 2635 σύμόουλον
584 2558 740 2635 ἐξελεξάμην
956 2566 1098 2634 Propterea
1107 2572 1197 2633 eoepto
1208 2580 1268 2615 meo
1282 2562 1460 2614 consiliarium
1475 2562 1538 2630 elegi

183 2649 228 2709 τὸν
242 2645 494 2727 συγκατορθώσαντα
508 2647 605 2727 καὶτῷ
618 2651 658 2728 σῷ
669 2646 750 2727 πατρί
956 2654 1018 2719 erim
1031 2652 1077 2722 qui
1093 2651 1202 2703 feliciter
1212 2653 1290 2703 etianr
1302 2652 1370 2721 patra¹
1384 2660 1431 2702 tuo

183 2736 217 2794 ch
231 2741 278 2807 τῆς
290 2736 424 2813 βασιλείας
437 2735 572 2815 πρότερον,
587 2738 623 2802 ὡς
635 2734 772 2809 ἀκούομεν,
956 2757 1066 2808 regnum
1079 2740 1212 2793 constituit
1224 2740 1303 2803 olirn,
1316 2750 1346 2791 ut
1357 2738 1492 2803 audimus,

172 2822 259 2901 -παρθ
272 2821 313 2880 σοί
326 2845 374 2892 τε,
389 2824 512 2901 βασιλεῦ,
525 2824 636 2899 γνησίοις
646 2823 793 2897 τιμώμενον
956 2830 1056 2897 quique
1070 2827 1140 2899 apud
1154 2838 1195 2891 ie,
1211 2846 1267 2891 rex,
1283 2846 1344 2879 rere
1357 2826 1503 2881 honoratur

184 2910 254 2970 racia
265 2910 367 2983 πάντα,
383 2909 427 2968 τδν
441 2909 593 2971 Ἀπόλλωνα
606 2910 650 2970 τὸν
662 2912 766 2988 Διδυμῗ,
777 2910 862 2989 λέγει,
956 2933 1004 2986 per
1015 2914 1114 2978 omnia,
1130 2912 1277 2986 Apollinem
1291 2912 1352 2966 dico
1367 2914 1547 2986 Didymeum,

143 3023 171 3062 ου
185 3003 228 3061 τὸν
242 3001 287 3060 καλ
301 3000 486 3075 θεμιστεύοντα
498 3000 543 3060 καλ
556 3002 732 3080 μουσηγέτην.
957 3006 1003 3074 qui
1016 3015 1043 3057 et
1055 3015 1125 3056 vates
1136 3004 1213 3056 simul
1225 2995 1397 3056 etlllusarurn
1410 3022 1504 3075 praeses
1515 3015 1563 3056 est.

182 3081 225 3151 Οθ
239 3089 271 3160 δι1
283 3088 375 3168 σχεδόν
387 3090 503 3165 μάλιστα
514 3091 560 3148 καὶ
571 3091 741 3167 πεπεισμένος
959 3093 1018 3145 Hoc
1032 3093 1111 3160 igitur
1123 3093 1236 3144 maxime
1250 3090 1303 3143 lere
1310 3090 1365 3160 jam
1376 3109 1530 3163 persuasus,

184 3176 247 3256 πρὸς
260 3175 309 3247 σὴν
322 3175 392 3234 κατδι
405 3175 482 3251 λόγον
495 3167 549 3246 ἧκα
563 3175 668 3254 (κοινὴν
680 3176 731 3256 γάρ
742 3177 835 3256 σχεδόν
958 3177 992 3230 ad
1004 3188 1076 3230 tuam
1090 3179 1183 3247 utique
1194 3177 1285 3241 venio,
1301 3194 1380 3247 quam
1393 3195 1561 3230 communem
1574 3177 1626 3231 lere

184 3271 235 3329 τοῖς
247 3264 435 3341 φιλομαθοῦσιν
447 3262 630 3343 άναδέδειχας)
646 3264 734 3322 lacior
745 3283 752 3297 ·
957 3263 1093 3316 literarum
1105 3262 1229 3316 studiosis
1240 3261 1390 3330 designasti,
1405 3262 1526 3316 domum.

184 3348 277 3416 θεδςδέ
290 3348 511 3432 συνεράψαιτατῇ
525 3350 685 3430 προαιρέσει,
958 3353 1031 3402 Deus
1044 3360 1132 3402 autem
1146 3359 1260 3420 ereptum
1274 3367 1361 3402 meum
1376 3347 1497 3418 adjuret!

142 3459 172 3497 cs
185 3437 237 3498 Ἐκ
247 3442 299 3497 τῶν
314 3437 447 3516 σποράδην
464 3438 515 3518 γὰρ
528 3439 716 3517 ἱστορουμένων
728 3438 795 3496 τισίν
961 3439 984 3488 Ε
997 3437 1092 3507 sparsis
1104 3437 1174 3488 enim
1186 3435 1365 3506 complurium
1381 3434 1496 3488 historiis
1564 3443 1568 3448 '

186 3530 213 3584 ἐν
224 3529 337 3605 ἐπιτομῇ
350 3549 390 3584 σοι
404 3525 522 3606 γέγραφα
536 3522 582 3594 τὰς
595 3526 715 3591 ἀποικίας
959 3526 986 3576 in
999 3525 1112 3594 epitome
1124 3523 1172 3576 tibi
1186 3525 1276 3594 scripsi
1289 3521 1405 3576 colonias

185 3613 283 3680 κτίσεις
297 3635 326 3672 τι
339 3612 454 3690 πόλεων,
467 3617 513 3685 τῆς
527 3610 590 3685 όλης
603 3637 631 3672 τε
642 3619 690 3692 γῆς
704 3615 797 3693 σχεδόν
959 3615 1126 3683 originesque
1138 3612 1260 3675 urbium,
1274 3622 1299 3664 et
1310 3613 1391 3664 totius
1402 3610 1455 3664 sere
1466 3622 1542 3664 εει-ια’
1605 3677 1607 3682 Ι

186 3700 226 3760 δυ’
239 3702 295 3761 ἐστὶ
307 3701 401 3759 πλωτά
412 3701 458 3759 καὶ
474 3700 590 3779 πορευτθ
604 3705 655 3759 τῶν
669 3703 767 3762 τύπων.
960 3720 1124 3773 quaecunque
1136 3704 1196 3754 nari
1208 3711 1234 3753 et
1248 3702 1334 3753 itineri
1346 3711 1436 3772 patent
1448 3699 1513 3753 loca.

186 3787 294 3849 Τούτων
309 3789 332 3847 δ’
345 3787 396 3847 dea
407 3787 456 3865 μέν
469 3787 574 3865 εύσημά
587 3791 611 3846 τ’
624 3788 680 3847 leel
695 3789 740 3847 aral
753 3793 823 3869 σαρῆ
960 3791 1063 3842 Horum
1077 3799 1163 3841 autem
1175 3805 1233 3858 quae
1245 3786 1313 3839 clara
1324 3796 1387 3839 sunt
1397 3797 1424 3839 et
1434 3797 1512 3850 nota,

146 3899 174 3936 το
187 3878 230 3934 ἐπὶ
241 3875 386 3957 κεραλαέοιι
398 3874 531 3952 συντεμὼν
546 3876 706 3954 ἐκθήσομαι,
960 3877 1111 3928 summatim
1126 3875 1283 3927 contrahens
1294 3891 1440 3944 exponam;

185 3964 235 4023 ὅσα
247 3966 270 4022 δ’
284 3965 353 4023 έστὶν
366 3965 452 4022 αὐτῶν
466 3967 496 4022 οὔ
510 3969 599 4044 σαφῶς
611 3966 778 4043 ἐγνωσμένα,
961 3981 1020 4032 quae
1032 3981 1094 4015 vero
1106 3973 1167 4015 sunt
1180 3980 1233 4014 non
1249 3961 1386 4014 manifeste
1398 3963 1517 4031 cognita,

186 4051 281 4109 θκατά
293 4051 370 4130 μέρος
380 4052 454 4109 ταῦτ’
467 4048 637 4130 έξιικριθάισει
648 4051 742 4130 λόγος,
960 4050 1123 4121 particularis
1135 4050 1189 4101 hsec
1201 4049 1350 4120 explanabit
1362 4066 1449 4101 sermo
1467 4067 1472 4102 :

188 4137 270 4211 ὥστε,
284 4141 411 4216 βασιλεῦ,
424 4138 467 4197 τὸν
479 4138 566 4196 πάντα
578 4143 624 4210 τῆς
636 4138 788 4215 οίχουμένης
961 4136 1027 4188 adeo
1042 4147 1070 4188 ul
1084 4137 1175 4198 loilus,
1189 4154 1250 4198 rex,
1266 4135 1337 4187 orbls
1351 4145 1480 4188 lemarum

187 4225 257 4303 ἔχειν
272 4248 301 4283 σε
312 4227 479 4306 πιρςορωμὸν
492 4227 709 4302 ἐπιτετμημένον,
961 4223 1056 4276 habeas
1068 4221 1270 4292 descrlpllonem
1284 4220 1441 4285 brevliilatm

146 4335 175 4373 το
187 4315 314 4387 ποταμῶν
327 4335 355 4369 τε
367 4312 489 4391 μεγάλων
502 4311 632 4385 ἰδιότητας
646 4313 691 4370 καλ
705 4310 803 4390 ῥύσεις,
962 4309 1102 4363 ituminuin
1115 4324 1269 4376 magnorum
1282 4309 1453 4378 proprietates
1465 4317 1490 4360 et
1501 4325 1607 4371 cursus,

130 4511 267 4578 Meinelse3
284 4514 368 4583 possis
384 4514 462 4565 etiarn
474 4513 589 4582 φυγάδων
606 4511 744 4580 στρατείαςς
760 4526 919 4580 quamquam
964 4509 991 4559 in
1005 4507 1129 4577 serlepari
1139 4507 1273 4568 vitaretur,
1287 4505 1435 4575 κατὰλόγον
1445 4505 1498 4571 iiico
1507 4505 1612 4575 πρθςσέ.
1626 4511 1661 4559 Ar
1671 4509 1748 4562 verba

131 4609 223 4644 ωιτη
236 4591 361 4644 omnihus
373 4592 414 4643 his
424 4599 539 4661 prestat.
555 4620 590 4630 -
607 4592 618 4657 11
634 4592 677 4658 ll·
691 4589 768 4661 πλέκῃ
780 4587 852 4651 cod.;
865 4605 918 4639 em.
965 4585 1024 4654 πρὸς
1046 4585 1071 4637 σὲ
1085 4583 1155 4636 hand
1168 4583 1249 4636 dalaia
1266 4601 1298 4634 eo
1313 4582 1380 4647 loco,
1395 4583 1441 4635 uhi
1464 4584 1491 4634 in
1505 4581 1596 4635 codiee
1615 4581 1747 4651 leguntur,

131 4670 216 4724 Mein.
229 4671 240 4739 11
249 4667 541 4734 -45.έκεῖνοςοοάοκ;
552 4686 605 4722 em.
613 4669 693 4720 Mein.
707 4668 717 4735 11
727 4671 816 4729 -18.
828 4665 921 4736 ’λτάλῳ
965 4663 1137 4734 relinquenda
1146 4674 1216 4716 sunt.
1228 4664 1330 4714 Vereor
1341 4680 1374 4714 ne
1384 4661 1468 4714 verbis
1482 4660 1544 4714 κατὰ
1556 4660 1645 4731 λόγον,
1652 4661 1749 4732 jejunis

132 4747 196 4801 cod.
211 4750 222 4816 11
239 4778 275 4788 -
287 4747 331 4801 50.
346 4753 395 4799 τῶν
411 4747 454 4818 μὲν
470 4747 525 4816 βασ.
546 4745 619 4810 cod.;
630 4763 683 4797 ern.
700 4745 782 4797 Mein.
797 4747 808 4813 11
822 4775 857 4785 -
876 4744 919 4795 5ι.
965 4761 1028 4796 sane
1041 4743 1099 4807 illis,
1115 4743 1238 4795 irahareat
1247 4741 1352 4794 menda.
1372 4743 1491 4794 Fortasse
1503 4749 1559 4793 erat
1569 4739 1628 4810 πρός
1643 4741 1669 4793 σὲ
1687 4741 1749 4793 κατὰ

132 4826 261 4895 προσφέρει
271 4824 344 4889 cod.;
354 4841 408 4877 ern.
418 4821 579 4893 vindingus.
588 4854 623 4864 -
635 4825 646 4891 11
660 4824 703 4885 51.
714 4823 745 4888 ἣν
754 4821 834 4884 αὐτὸς,
846 4821 918 4884 cod.;
964 4823 1051 4892 λόγιον
1066 4817 1123 4888 ἦκα.
1141 4826 1181 4875 De
1193 4840 1218 4874 ν.
1231 4821 1354 4874 πείθεσθαι
1368 4821 1481 4889 genitivo
1498 4818 1591 4890 juncto
1603 4819 1750 4872 Meioelius

132 4923 188 4957 em.
199 4903 333 4956 Marullus.
350 4905 360 4972 11
372 4933 409 4943 -
420 4903 462 4956 56.
472 4903 616 4972 ουνκατορθ.
629 4901 690 4954 οοά.
705 4904 715 4970 11
727 4932 763 4942 -
773 4903 816 4969 59.
827 4900 920 4972 Διδύμη
965 4899 1078 4952 conferri
1087 4900 1162 4970 jubet
1170 4899 1297 4952 Herodot.
1309 4901 1332 4963 l,
1351 4905 1407 4951 rati.
1422 4897 1496 4951 Idem
1507 4909 1596 4950 monet
1605 4898 1749 4969 perlectum

132 4982 208 5046 cod.;
218 5001 271 5036 em.
286 4984 364 5035 Voss.
379 4983 390 5051 11
402 4985 491 5034 -61,
504 4981 599 5051 apheo!
610 4982 621 5048 (
631 4981 740 5044 sie,n0n
752 4998 815 5032 vero
823 4978 921 5050 absque
966 4973 1030 5044 ἦκα,
1044 4978 1142 5050 dequo
1156 4996 1182 5031 ν.
1202 4977 1316 5031 loheel.
1330 4977 1363 5028 ad
1378 4976 1477 5047 Phryn.
1494 4995 1520 5047 p.
1537 4982 1599 5046 741,
1612 4997 1626 5028 a
1644 4979 1749 5046 Scyrnni

132 5072 255 5126 accentu,
263 5071 294 5113 ut
302 5061 462 5114 [etronnius
470 5063 524 5130 ait)
534 5059 596 5113 κατὰ
605 5061 683 5131 λόγον
693 5060 746 5125 ἥκω
756 5058 856 5116 codex:
867 5077 920 5112 ern.
966 5075 1016 5110 nsu
1028 5076 1081 5110 non
1095 5059 1176 5126 magis
1194 5057 1306 5110 alienum
1321 5055 1403 5108 videri
1421 5056 1528 5122 dehere,
1539 5073 1619 5126 quarn
1639 5057 1749 5108 sormam

133 5141 266 5195 Meinelre.
285 5142 389 5194 Priores
403 5140 516 5193 editores
530 5150 615 5193 metro
634 5139 822 5192 consuluerunt
839 5149 922 5191 trans·
966 5137 1151 5190 hellenistiearrr
1173 5135 1289 5204 ἔσχοσαν,
1306 5153 1358 5205 qua
1369 5153 1431 5188 usus
1449 5137 1482 5188 sit
1495 5156 1519 5190 ν.
1540 5137 1602 5204 695.
1621 5137 1631 5203 11
1652 5165 1687 5176 -
1705 5139 1748 5188 63.

134 5218 261 5292 ponendo
280 5219 361 5272 rerba
376 5220 449 5271 hunc
461 5220 488 5270 in
501 5217 629 5271 modurn:
648 5218 710 5270 κατὰ
725 5218 802 5288 λόγον
816 5217 875 5288 πρὸς
895 5218 922 5271 σὲ
967 5215 1118 5277 εστίανεοιί.
1134 5218 1143 5282 11
1157 5217 1243 5276 -64,
1256 5213 1484 5284 συναιράψιτοοοά.
1500 5217 1510 5284 11
1522 5215 1690 5288 -65.τῇσῇ
1702 5231 1751 5288 pro

135 5299 201 5367 δ1κω·
218 5295 305 5364 κοινὴν
316 5296 396 5369 γάρ...
415 5295 571 5366 δναδέδειχας
590 5295 669 5348 ἑστίαν
683 5297 737 5360 vel,
752 5306 780 5348 ιιι
789 5295 921 5367 spondeus
966 5295 1027 5348 τισίν
1040 5294 1100 5346 cod.
1119 5350 1124 5362 ,
1675 5290 1677 5294 ”
