3950 5925
97 408 168 485 tn.)
829 416 1027 478 lauretus.
1688 434 1726 487 aa

103 542 227 617 ποταμοῦ
246 538 293 597 καί
310 538 404 617 λιμήν.
448 540 525 601 Μετλ
543 542 570 600 δὲ
589 541 665 611 hiim
691 544 793 624 Κράὸις
811 568 893 603 ποτα·
940 559 1002 609 Post
1016 558 1111 611 Lixum
1124 558 1389 613 Crabislluviuseurn
1402 561 1607 631 portu,eturbs
1621 562 1726 617 Phoeni·

106 626 154 701 μδ(
167 627 214 684 καλ
226 625 311 704 λιμὴν
321 628 369 686 καὶ
382 627 458 695 πόλις
466 628 600 691 Φοινίκων
614 632 786 711 Θυμιατηρία
800 630 893 707 ὄνομα.
939 662 1000 697 cum
1017 644 1344 719 Thymiateriaappellata.
1382 648 1725 719 AThymiateriarumiga-

105 712 169 773 hri
191 715 404 798 Θιιμιαι·ημίιις“ι
424 718 458 783 tle
487 715 619 777 Σολόεντα
643 716 740 798 άκραν,
762 717 781 790 ἣ
806 719 893 799 ἀνέχει
939 731 1020 785 ricad
1033 732 1181 787 Soloeutem
1195 736 1421 805 promontorium,
1442 736 1515 807 quod
1537 737 1684 808 plurimum
1697 740 1725 791 in

105 801 225 876 μαλιστα
237 805 274 870 είς
287 802 333 861 τον
352 802 456 864 πόντον.
496 807 552 876 Τῆς
569 803 597 863 dl
612 804 714 878 Λιὸύης
734 814 807 866 πᾶσα
825 806 893 879 αὕτη
939 818 1161 889 mareprominet.
1200 820 1451 891 Libyaeautemhaec
1459 823 1596 893 regiotota
1608 825 1725 879 sstcele·

104 893 121 959 ἡ
144 888 225 971 χώρα
247 890 447 968 ὀνομαστοτάτη
469 891 515 951 καλ
534 892 675 971 ἱερωτάτη.
722 892 786 955 Ἐπὶ
809 893 837 954 δὲ
855 898 893 977 τῷ
937 900 1243 959 burimaetsacerrima.
1283 909 1315 960 ln
1328 909 1477 963 summitate
1492 927 1554 966 vero
1568 922 1723 981 promonto-

105 976 267 1059 άκρωτηρίιρ
284 978 424 1059 τῆςάκρας
441 978 532 1038 ίπεατι
545 979 636 1059 βωμὸς
649 979 745 1059 μέγας,
764 980 893 1057 ποινήςῗ,
937 990 971 1043 rii
988 1001 1090 1045 estare
1108 992 1219 1061 magite*
1239 994 1365 1066 Neptuno
1378 1006 1538 1051 consecrata.
1576 999 1607 1050 In
1620 992 1724 1053 ara‘ex·

105 1066 283 1134 Ποσειδῶνος.
327 1066 374 1127 Ἐν
391 1066 469 1148 δὲτῷ
488 1071 572 1147 βωμῷ
585 1067 636 1127 slei
655 1068 832 1149 γεγραμμένοι
847 1073 893 1129 dv·
936 1094 1032 1147 pressa·
1049 1090 1112 1132 sunt
1131 1080 1249 1133 virorum
1272 1083 1397 1151 imagines
1416 1094 1442 1137 et
1461 1084 1548 1137 leones
1569 1084 1722 1157 delphiuec;

105 1153 237 1229 δριάντες,
250 1154 501 1233 λέοντες,’δελρῖνες·
513 1154 644 1217 Δαίδαλον
655 1154 684 1215 δι’
698 1180 763 1237 pact
774 1160 893 1230 ποιῆσαι.
938 1162 1037 1219 Daedali
1051 1184 1106 1221 esse
1120 1186 1187 1239 opus
1207 1170 1291 1223 aiunt.
1329 1174 1391 1225 Post
1406 1172 1554 1227 Soloentem
1568 1185 1723 1245 promonto-

105 1240 173 1299 ’elr'o
196 1242 225 1299 δὲ
247 1242 388 1310 Σολόεντος
411 1243 494 1323 άκρας
514 1243 633 1322 ποταμός
654 1246 739 1319 έστιν,
764 1235 787 1325 ᾧ
810 1245 894 1323 ὄνομα
936 1252 1008 1305 rium
1027 1253 1122 1306 lluvius
1135 1264 1184 1321 est,
1200 1256 1246 1326 qui
1260 1257 1331 1309 Xion
1346 1258 1470 1328 (Liras)
1490 1269 1606 1313 vocatur.
1644 1263 1723 1315 Hunc

105 1332 193 1391 Ξιῶν.
237 1330 306 1410 Περὶ
319 1336 409 1389 τοῦτον
422 1330 466 1389 τὸν
480 1332 600 1408 ποταμὸν
615 1336 789 1413 περιοικοῦσιν
803 1332 892 1395 Attio·
937 1340 1048 1395 llus-ium
1063 1342 1285 1397 circumhabitant
1304 1344 1647 1417 AEthtopatesperttffitrcs
1666 1349 1723 1403 bae

104 1440 152 1482 πες
174 1417 253 1497 ἱεροί.
297 1413 375 1477 Κατὰ
401 1417 429 1476 ολ
452 1423 536 1479 ταῦτα
561 1419 640 1492 νῆσός
654 1422 749 1493 Ιίστιν,
771 1412 790 1499 ᾗ
809 1420 892 1499 ὄνομα
935 1438 975 1481 est
1000 1428 1100 1494 insula,
1115 1431 1159 1485 eui
1178 1432 1263 1485 cerne
1286 1448 1395 1487 nomeu.
1432 1436 1614 1488 Pretervenio
1640 1438 1721 1489 aso-

108 1502 207 1585 Ιίέρνη.
253 1504 416 1585 Παράπλοος
429 1504 457 1564 δέ
472 1504 525 1565 άπὸ
543 1504 708 1588 Ἡρακλείων
729 1508 833 1578 στηλῶν
849 1510 893 1569 tut
922 1513 1036 1568 'lumais
1056 1517 1192 1569 Herculeis
1213 1516 1248 1571 ad
1277 1520 1429 1572 Hermaeum
1451 1522 1664 1591 promontorium
1683 1534 1723 1577 est

106 1589 244 1669 ‘Eppaiuv
272 1591 356 1671 ἄκραν
387 1596 493 1673 ἡμιρῶν
517 1590 571 1653 δύο.
621 1593 685 1655 Ἀπὸ
707 1594 735 1653 δέ
760 1592 892 1676 Ἓρμαίας
936 1602 1041 1657 dierum
1051 1604 1176 1659 duorum.
1214 1605 1256 1659 ab
1268 1607 1483 1661 Hermaeoautcm
1493 1611 1677 1679 promontorio
1687 1611 1720 1664 ad

107 1678 190 1759 άκρας
203 1683 240 1747 εἷς
266 1679 397 1741 Σολόεντα
412 1680 496 1761 άκραν
510 1680 664 1761 παράπλους
684 1686 790 1766 ἡμερῶν
801 1688 890 1767 τριῶν.
936 1688 1085 1743 Soloentem
1093 1692 1306 1763 promontorium
1318 1694 1499 1763 pretemectio
1513 1693 1616 1747 dietum
1629 1696 1719 1749 trium.

107 1765 172 1825 Ἀπὸ
181 1765 210 1826 δὲ
223 1768 367 1835 Σολόεντος
377 1770 413 1835 εἰς
427 1768 528 1851 Κέρνην
535 1770 690 1850 παράπλους
698 1775 804 1851 ἠμιρῶν
815 1772 891 1831 ἑπτά.
936 1778 1096 1832 ASoloente
1115 1779 1149 1833 ad
1170 1780 1273 1833 Cernen
1295 1782 1474 1852 praetervectio
1493 1780 1597 1836 dierum
1611 1794 1719 1854 septem.

106 1855 222 1930 Σύμπας
240 1854 297 1915 δίο
318 1856 473 1935 παράπλους
489 1849 562 1926 eisd<
582 1862 638 1917 ἐστι
659 1858 712 1920 άπὸ
726 1859 891 1939 Ἡρακλείων
936 1868 1065 1921 Universa
1080 1878 1167 1922 autem
1188 1869 1369 1939 praetervectio
1388 1868 1421 1921 ab
1436 1869 1572 1923 Herculeis
1593 1871 1722 1926 columnis

104 1947 213 2016 στηλῶν
225 1946 263 2011 είς
273 1944 379 2026 Κέρνην
393 1950 471 2017 νῆσον
482 1950 586 2029 ἡμερῶν
600 1948 713 2009 δώδεκα.
754 1950 891 2030 tntisp-
936 1952 969 2005 ad
995 1954 1097 2007 Cernen
1125 1954 1238 2008 insulam
1263 1965 1302 2008 est
1334 1952 1438 2008 diemm
1465 1954 1616 2009 duodecim.
1654 1960 1722 2025 Qua

103 2032 284 2104 medicinae
297 2032 332 2091 τὰ
349 2034 471 2094 έπίκιινα
482 2034 570 2095 οὒιιίτι
579 2036 636 2097 ίατί
653 2036 747 2097 πλωτὰ
759 2037 802 2096 διὰ
825 2042 890 2119 βρα·
935 2037 1058 2111 deinceps
1081 2051 1144 2093 sunt
1160 2040 1228 2093 ultra
1250 2040 1354 2095 (lerum
1379 2040 1506 2106 insulam»
1527 2042 1643 2113 Wlssffi
1667 2062 1722 2097 ¹¹⁰⁰

103 2120 209 2199 χύτητι
223 2120 359 2193 θαλάττης
372 2123 418 2181 καί
431 2122 516 2195 πηλὸν
532 2123 578 2185 καί
591 2129 681 2206 φῦκος.
721 2122 803 2187 Ἔστι
815 2123 843 2185 δὲ
860 2123 891 2185 rb
935 2125 1047 2197 amplius
1064 2135 1174 2197 possunt
1188 2136 1296 2199 propter
1309 2124 1399 2179 brevia
1419 2128 1499 2180 maris
1517 2138 1544 2181 et
1561 2146 1666 2183 ocenum
1683 2130 1720 2183 al.

102 2344 226 2414 Γαδείροις
241 2343 307 2415 μιτᾶ
316 2342 362 2411 την
376 2344 503 2399 Ἄτλαντα·
520 2346 561 2400 καὶ
572 2349 646 2414 νῆσος
655 2346 784 2409 Ἄτλαντος
794 2346 836 2400 καὶ
846 2341 892 2401 πά-
937 2346 1144 2408 νοςῐῐοοειδῶνος.
1154 2344 1279 2399 Αιοοάεκ
1289 2346 1375 2416 arguit
1381 2344 1539 2416 adjectivum
1547 2346 1574 2399 in
1581 2346 1622 2413 ήςς
1631 2348 1719 2419 ιιιβο·

101 2425 233 2497 λιςΑὑγξ,
252 2425 288 2487 ὣς
302 2424 473 2497 Ἀρτεμίδωρος
492 2427 627 2498 (Pratum
643 2431 745 2483 Artem.
760 2428 893 2499 exemplar
937 2425 982 2496 μος
995 2424 1200 2497 μεγαλοπρεπήςῗ
1214 2426 1225 2493 ΙΙ
1237 2456 1273 2466 -
1284 2423 1471 2496 ἀνδριάντες
1481 2427 1491 2498 ]
1502 2426 1528 2479 Si
1542 2426 1655 2494 genuina
1668 2445 1720 2480 vox

101 2506 252 2577 Stephanus
267 2504 421 2559 adhibuisse
433 2506 565 2576 videtur).
579 2507 655 2561 Idem
672 2499 747 2573 hlia',
765 2507 836 2570 πόλις
848 2509 892 2561 Δι-
935 2504 1081 2574 significare
1090 2504 1168 2557 debet
1177 2503 1316 2557 hominum
1325 2504 1431 2573 figuras.
1443 2504 1569 2575 ἐλέφαντες
1575 2504 1646 2575 conj.
1660 2507 1719 2559 Μο·

101 2588 173 2653 θύος,
183 2588 220 2649 ιίις
237 2586 390 2657 Ἆλὶξανδρος
407 2586 433 2640 έν
445 2587 472 2641 α’
485 2588 606 2655 Λιὸυκῶν,
618 2587 667 2643 ἀπὸ
678 2588 749 2652 Δίξου
767 2593 889 2661 ποταμοῦ.
935 2600 1004 2637 vers.
1020 2583 1100 2656 Apud
1113 2582 1263 2636 Fabricium
1271 2581 1355 2652 legere
1364 2593 1403 2635 est
1411 2582 1505 2654 ἄνδρες,
1516 2584 1637 2655 γυναῖκες.
1657 2584 1667 2653 ΙΙ
1684 2614 1720 2625 -

100 2666 225 2719 Fluvium
246 2666 323 2727 Μζαν
352 2665 490 2737 appellavit
512 2668 649 2721 Hecatam
672 2666 707 2720 fr.
731 2668 800 2733 3283
820 2685 892 2721 nunc
934 2660 1719 2734 Δαίδαλον]ΕὓαιλιιίίαιειιῑίοοαΜονειοίιιιεοίίίρίιὶερὸν

100 2744 202 2797 Araba
220 2755 320 2798 vocant
333 2748 396 2807 ζα,
411 2744 496 2798 Albos
507 2755 534 2799 et
544 2746 641 2799 ιρι-ω,
658 2746 730 2799 Ηώς
744 2744 778 2799 ad
792 2756 890 2799 utrm.
934 2740 1005 2805 istud
1021 2742 1207 2813 perantiquum
1218 2752 1245 2795 et
1258 2740 1291 2793 ab
1304 2742 1440 2794 Hannonis
1450 2759 1494 2795 ara
1504 2740 1720 2811 distinguendum

98 2841 150 2892 qne
173 2824 253 2875 fluvii
273 2824 360 2894 ripam
377 2824 428 2876 sita
446 2833 517 2887 erat,
531 2823 643 2878 borealis
656 2842 717 2896 pars
736 2825 764 2877 in
782 2823 892 2877 collibus
934 2836 1000 2885 esse,
1011 2818 1134 2873 levidensi
1145 2820 1223 2872 nixus
1231 2830 1385 2889 argumento
1397 2820 1408 2889 ΙΙ
1420 2818 1562 2893 -Ξιῶν]
1575 2820 1718 2887 siccodex;

96 2902 172 2972 juxta
190 2902 309 2954 durium
326 2901 603 2973 porrectisaedilicata,
617 2904 697 2957 etiam
716 2919 789 2956 nune
807 2903 891 2956 ruinis
934 2915 990 2952 esse
1017 2900 1127 2953 lluvium
1147 2897 1217 2962 Λίξον
1238 2900 1375 2952 Hannonis
1394 2898 1510 2953 dubitari
1533 2900 1638 2972 nequit,
1654 2918 1719 2955 nuru

98 2982 267 3052 spectabilis,
281 2991 422 3035 vetuserat
433 2983 588 3036 Phoeoieum
600 2982 681 3047 urbs;
692 2982 727 3036 ab
745 2982 825 3036 altera
842 2982 891 3036 llu-
934 2979 1021 3052 ipsum
1040 2979 1092 3032 hoe
1111 2996 1209 3032 nomeu
1229 2977 1412 3050 reponendum
1430 2980 1480 3044 sit,
1500 2981 1636 3050 quaritur.
1656 2982 1667 3051 ΙΙ
1683 3011 1720 3024 -

99 3063 133 3113 vii
148 3063 208 3132 ripa
226 3059 345 3131 Libyum
360 3061 411 3113 rici
424 3071 515 3126 eram,
528 3073 560 3115 ut
576 3080 608 3115 ex
626 3061 730 3133 Scylace
749 3061 889 3131 colligitur.
935 3058 1039 3131 ἱεροὶ]
1055 3057 1159 3130 ἑσπέριοι
1179 3057 1291 3129 conjecit
1310 3058 1505 3136 Slothouwerus
1527 3058 1657 3129 eleganter
1671 3079 1720 3115 nec

97 3142 226 3192 Ceterum
240 3139 307 3192 urbs
324 3143 378 3192 non
396 3138 430 3192 ad
447 3141 514 3194 ostia
527 3141 601 3195 duvii
616 3151 747 3208 exstructa
760 3151 829 3206 erat,
844 3141 890 3194 scd
936 3137 1153 3210 improbabiliter,
1166 3155 1249 3209 quum
1265 3138 1406 3209 Hesperios
1419 3137 1467 3190 hos
1483 3137 1616 3209 Ethiopes
1631 3141 1718 3194 vocari

97 3219 191 3289 procul
201 3218 290 3271 dubio
299 3217 389 3270 navale
399 3217 436 3271 ibi
448 3220 541 3274 Lixitae
550 3219 691 3283 habebant,
700 3219 746 3272 ubi
756 3237 828 3272 nune
840 3229 892 3272 stat
936 3227 1048 3270 constet.
1063 3218 1074 3287 ll
1086 3247 1122 3258 -
1131 3217 1236 3288 Κέρνη]
1246 3216 1335 3292 Κέρνης
1343 3213 1436 3270 codex.
1447 3216 1523 3269 Nulla
1533 3215 1569 3269 ibi
1579 3217 1662 3270 insula
1669 3229 1718 3272 est.
1801 3228 1807 3242 '

98 3297 218 3350 lamehe
233 3313 298 3350 cum
310 3307 391 3368 portu
403 3295 483 3368 hujus
500 3315 553 3350 orae
570 3299 681 3369 optimo.
692 3297 788 3350 Navale
803 3297 854 3350 hoc
864 3307 891 3351 et
935 3297 1037 3350 Verum
1051 3313 1133 3368 usque
1152 3295 1186 3350 ad
1197 3295 1329 3350 desertum
1341 3299 1402 3350 satis
1416 3307 1479 3350 nota
1498 3307 1555 3349 erat
1573 3299 1717 3367 navigatio,

98 3374 343 3447 mbemduplicem
357 3375 481 3429 inunum
498 3374 666 3446 conjunxisse
679 3376 891 3430 videturCorne·
934 3375 1058 3429 ulteriora
1076 3393 1130 3428 non
1150 3391 1226 3446 posse
1246 3377 1362 3446 navigari
1379 3384 1517 3428 nautarum
1531 3387 1719 3432 mercatorum·

13 3502 15 3515 ‚
97 3455 146 3508 lius
160 3459 230 3526 (ap.
244 3455 316 3508 Ptin.
337 3456 373 3519 V,
397 3457 446 3524 ι),
458 3456 504 3526 (γοί
519 3455 698 3528 ρινειιαΙίιΙααι
718 3457 786 3508 lane
803 3457 890 3510 urbem
934 3471 986 3526 que
997 3454 1197 3508 narratiunculis
1206 3454 1346 3518 serebatur,
1353 3454 1471 3507 ultimam
1483 3464 1569 3506 autem
1577 3455 1719 3525 navigatio·

96 3537 276 3606 nrajcremque
295 3533 451 3601 Carthagine
469 3552 564 3601 magna
575 3533 653 3590 dixit.
667 3537 702 3587 V.
729 3535 827 3588 Jakscn
845 3539 891 3589 Aa
934 3553 996 3588 nem
1011 3552 1092 3610 usque
1106 3533 1139 3587 ad
1153 3533 1256 3588 (ἶειιιειν
1272 3534 1404 3605 pertinere
1419 3543 1475 3586 erat
1487 3531 1572 3586 lama:
1590 3551 1653 3603 ergo
1666 3534 1720 3588 hue

97 3619 221 3665 Account
235 3611 323 3682 cstlc
335 3630 402 3684 emp.
413 3610 582 3682 ‹n'aramkto
599 3631 627 3686 p.
641 3613 693 3678 353
708 3613 788 3666 Barth
811 3617 891 3668 Wan·
934 3615 1018 3668 Cerne
1027 3612 1151 3685 ponenda
1166 3623 1231 3666 crat.
1245 3613 1256 3682 11
1274 3643 1311 3654 -
1323 3610 1449 3683 ἡμερῶν
1466 3611 1647 3684 debbaseth.
1661 3613 1719 3668 δέκα

96 3690 239 3757 deruagra.
252 3693 280 3755 l,
291 3709 321 3761 p.
334 3705 366 3743 at
378 3693 563 3760 aqq.;Movers
573 3694 610 3757 11,
622 3710 650 3764 p.
665 3691 725 3761 539.
741 3693 752 3762 ss
765 3723 802 3734 -
814 3693 890 3764 ltpa-
934 3691 1284 3746 macchabaeorum
1302 3691 1403 3744 notatio
1414 3690 1481 3743 bene
1496 3689 1584 3744 habet.
1598 3691 1609 3760 ΙΙ
1621 3721 1657 3732 -
1670 3691 1718 3744 οὗ-

98 3769 890 3845 ὅις]ΕεαιλιίεΜιιεεοεε(ν.ιιιριε)ςρτοίνολνίΙίιειίιΙεωηαί
936 3773 1001 3825 κέτι
1021 3771 1087 3825 ἐστὶ
1106 3770 1233 3842 πλωτά]
1259 3796 1270 3816 ι
1286 3771 1337 3824 Hic
1355 3768 1410 3840 jam
1430 3787 1598 3825 communem
1614 3789 1719 3841 geogra-

96 3849 184 3902 Subur
195 3848 323 3914 lluv.,ad
333 3867 412 3919 quem
421 3850 599 3921 Thymiateria
612 3848 819 3904 collocandam.
834 3853 892 3921 11-
933 3849 1047 3921 phorum
1074 3866 1175 3903 morem
1194 3849 1311 3902 imitatur
1329 3849 1439 3920 Scylax,
1461 3849 1506 3920 qui
1529 3866 1612 3920 quum
1633 3849 1665 3902 ad
1688 3867 1719 3904 ea

97 3927 315 3998 θοματηρία]
331 3925 487 3998 θοματηριὰς
506 3927 605 3994 eodem
628 3948 682 3983 em.
694 3931 821 3995 Vossius,
837 3931 890 3984 eol·
933 3927 1114 3994 devenissent,
1133 3945 1246 3999 quarum
1265 3927 1362 3981 nullam
1379 3927 1505 3996 haberept
1523 3927 1717 3996 cognitionem,

96 4004 149 4059 lato
159 4006 303 4078 Stephano
325 4024 350 4057 v.
366 4005 527 4078 θυμιατηρία.
543 4007 623 4079 Apud
645 4010 802 4062 Hannonem
823 4010 835 4076 (
845 4011 890 4063 ubi
934 4019 964 4061 ut
981 4009 1173 4078 ignorationem
1186 4025 1260 4059 suam
1278 4007 1327 4059 hac
1347 4007 1374 4059 in
1391 4015 1466 4077 parte
1483 4017 1650 4069 excusarent,
1672 4023 1719 4058 ne·

96 4083 416 4156 νίἀο)αιθομιατηριον.
430 4083 682 4158 ΙΙ-Σολόεντα]
695 4087 888 4142 Σολόιτανίι.1.
934 4087 988 4138 scio
1004 4103 1062 4158 quae
1083 4104 1136 4139 uon
1150 4085 1263 4138 absurda
1279 4085 1410 4154 lingebant
1423 4085 1480 4138 loca
1500 4093 1602 4137 aestuet
1623 4083 1719 4153 frigore

97 4161 192 4228 culex,
208 4161 259 4214 sed
274 4173 365 4233 postea
376 4162 416 4215 bis
428 4162 572 4226 Σολόεντος.
586 4169 655 4218 Ante
666 4165 746 4218 verba
759 4164 792 4227 εἰς
805 4165 835 4220 Σ.
846 4186 890 4219 ex·
934 4177 1041 4229 exusta,
1063 4164 1124 4218 seris
1141 4165 1231 4236 plena,
1254 4165 1331 4216 vastis
1350 4164 1434 4216 obsita
1447 4163 1597 4228 montibus,
1611 4163 1720 4234 insuper

97 4241 192 4294 cidisse
207 4241 318 4294 videtur
332 4261 358 4296 ν.
380 4241 469 4308 πλοῦς,
482 4261 536 4296 uon
552 4263 614 4297 vero
627 4247 728 4298 notatio
744 4245 889 4312 distantiae,
934 4245 1105 4315 alga,coeno,
1123 4245 1251 4314 variisque
1264 4252 1443 4296 monstrorum
1453 4241 1591 4312 generibus
1611 4241 1716 4298 referta.

97 4339 180 4390 quum
203 4320 279 4373 infra
296 4319 431 4374 intervalla
447 4339 503 4374 uno
523 4324 611 4376 cannia
633 4323 692 4378 loco
713 4336 889 4396 apponantur.
934 4324 976 4376 Sic
990 4341 1033 4396 ap.
1045 4322 1232 4386 Herodotiv,
1244 4323 1276 4384 43
1295 4322 1412 4393 Sataspes
1423 4319 1493 4392 apud
1504 4337 1591 4390 regem
1604 4321 1728 4394 Xerxem.

95 4401 171 4455 tacet
181 4401 488 4456 etiamctmGronovio
496 4402 624 4455 scribere:
636 4393 684 4456 ἀπὸ
694 4403 723 4456 θ.
732 4403 784 4458 ἔστι
792 4405 892 4468 Σολόεις
934 4401 1175 4473 excusatse,quod
1194 4401 1302 4454 ulterius
1320 4399 1537 4471 nonprocesserit
1553 4399 1717 4469 navigando,

94 4479 167 4548 ἄκρα.
183 4481 196 4549 ll
210 4510 250 4520 -
263 4479 391 4550 βωμὸς]
404 4478 469 4550 ἱερὸν
478 4479 577 4534 dicitur
589 4482 616 4533 in
627 4473 765 4535 Hannonis
776 4483 889 4555 Periplo,
934 4483 1060 4551 quoniam
1091 4481 1224 4550 navigium
1255 4479 1423 4544 retineretur,
1446 4479 1572 4530 nimirum
1593 4477 1649 4548 alga
1672 4487 1719 4531 aut

93 4557 169 4628 quod
181 4557 219 4611 de
232 4559 294 4629 ipsa
307 4575 354 4611 ara
370 4558 558 4629 percommode
568 4561 650 4631 accipi
660 4571 760 4632 potest,
774 4562 892 4634 nihilque
934 4578 1021 4614 coeno.
1043 4561 1152 4630 Egregie
1160 4558 1194 4612 de
1210 4559 1258 4614 hac
1272 4577 1300 4610 rc
1314 4558 1467 4612 Plutarchus
1477 4557 1556 4610 Thes.
1570 4557 1627 4610 init.
1648 4575 1654 4610 :
1675 4555 1719 4610 Ἐν

94 4637 174 4690 rideo
189 4635 346 4690 corsanum
360 4637 394 4690 ab
407 4655 454 4692 ara
468 4635 654 4708 distinguatur.
673 4640 684 4708 {l
703 4669 739 4680 -
757 4641 890 4714 ποινης]
935 4642 988 4702 ταῖς
999 4641 1194 4712 γεωγραφίαις...
1214 4638 1238 4691 oi
1247 4637 1365 4709 ἱστορικοί
1376 4637 1407 4690 τὰ
1420 4636 1582 4707 διαφεύγοντα
1596 4633 1641 4702 τὴν
1653 4641 1719 4708 γνῶ-

97 4737 153 4787 μεγ·
169 4717 269 4784 ποινης·
282 4717 426 4779 Ποοιᾶἵινος
434 4717 528 4772 codex.
540 4719 622 4772 Vocis
630 4729 761 4790 corrupte
770 4719 892 4774 emenda·
935 4738 973 4772 σιν
987 4718 1066 4771 αὐτῶν
1080 4720 1133 4780 τοῖς
1153 4717 1267 4788 ἐσχάτοις
1280 4717 1360 4788 μέρεσι
1378 4721 1427 4768 τιῖιν
1440 4715 1549 4769 πινάκων
1564 4716 1717 4778 πιεζοῦντες,

98 4799 134 4848 tic
146 4801 295 4850 certa'nou
316 4797 442 4867 suppetit.
455 4796 548 4867 πρηνής
565 4796 636 4868 conj.
649 4797 804 4862 Salmasius,
818 4798 891 4868 quod
935 4797 1008 4860 ἐνίοις
1017 4798 1213 4870 παραγράφουσιν
1229 4799 1267 4850 ὅτι
1279 4795 1309 4850 τὰ
1322 4795 1430 4849 ἐπέκεινα
1440 4793 1505 4856 θῖνες
1513 4793 1612 4864 ἄνυδροι
1623 4793 1666 4846 καὶ
1674 4794 1719 4860 θη-

100 4876 220 4945 proxime
237 4875 326 4931 abest.
342 4874 496 4928 Gosselinus
517 4877 548 4941 1,
566 4892 594 4947 p.
612 4875 660 4930 rol
675 4877 752 4928 vertit
772 4879 894 4947 Nepttnte
934 4878 1052 4948 ριώὸειςῆ
1071 4876 1149 4944 πηλὸς
1160 4874 1245 4942 elidahe
1256 4875 1271 4943 ἦ
1282 4873 1399 4928 Σκυθικὸν
1411 4873 1506 4944 aphech
1522 4871 1628 4943 πέλαγος
1640 4889 1718 4937 πεπη-

101 4952 254 5018 Ple'aicr'en,
279 4969 337 5006 non
363 4953 529 5024 improbante
552 4955 696 5007 Ietronnic
720 4953 892 5024 (Itecltemhcr
935 4957 988 5027 γος.
998 4954 1199 5010 TatianusAdv.
1210 4956 1259 5009 Gr.
1274 4973 1301 5026 p.
1320 4953 1368 5023 ¹⁵9
1381 4969 1387 5004 t
1400 4952 1432 5006 Oi
1442 4951 1485 5024 ple
1495 4945 1540 5005 οὖν
1554 4950 1597 5013 τὰς
1607 4967 1719 5022 γεωγρα-

102 5049 147 5082 ιιιι·
158 5031 255 5086 Decri!
264 5051 296 5105 p.
315 5036 378 5101 167,
402 5031 524 5084 laudante
544 5033 622 5085 etiam
640 5033 734 5086 Casseli
754 5031 892 5103 cujusdam
934 5035 989 5106 ρίας
1005 5033 1189 5101 ίκπονηαανεες,
1204 5035 1288 5105 μέχρις
1298 5029 1328 5100 ἣν
1347 5032 1450 5086 δυνατὸν
1463 5030 1593 5102 ἀνθρώπῳ,
1606 5033 1655 5082 τῶν
1666 5047 1719 5098 χω-

102 5109 278 5180 conjecturam
297 5110 561 5179 Ποντοποαιιῧῶνος),
578 5113 605 5164 in
615 5129 725 5182 eamque
736 5113 891 5166 sententiam
935 5115 994 5186 ρίων
1006 5113 1050 5181 τὴν
1062 5111 1203 5184 ἀναγραφὴν
1216 5111 1372 5180 ἐποιήσαντο
1384 5111 1414 5165 τὰ
1425 5111 1448 5164 δ’
1463 5111 1571 5165 lairena
1582 5107 1664 5179 λέγειν
1675 5105 1719 5160 olax

101 5189 232 5244 Fabricius
255 5209 311 5244 scr.
341 5190 466 5260 ροινικῖοο
491 5189 553 5242 llos.
580 5189 733 5244 Clausenius
755 5207 761 5243 :
782 5189 889 5258 Ποίνης,
935 5191 1036 5264 έχοντες
1047 5192 1087 5245 διὰ
1099 5192 1127 5245 το
1138 5189 1256 5244 ἀδύνατον
1270 5194 1313 5258 τῆς
1322 5192 1431 5263 θεωρίας,
1443 5189 1565 5261 amnne
1575 5186 1718 5260 ᾐτιάσαντο,

98 5294 144 5327 ara
153 5296 250 5346 aragne
265 5273 409 5329 Vindicta·
419 5285 445 5334 ct
457 5274 585 5346 Neptuni.
597 5275 710 5328 Morem.
721 5291 747 5346 p.
759 5273 809 5327 552
822 5291 828 5328 :
844 5275 891 5341 Ζη-
935 5274 976 5326 zai
988 5272 1117 5326 θαλαοοῶν
1132 5269 1176 5338 τὴν
1192 5271 1234 5343 μὲν
1244 5273 1370 5344 roncalia,
1384 5269 1428 5336 τὴν
1438 5269 1463 5324 hl
1476 5269 1590 5337 πηλώδη,
1601 5267 1682 5322 τόπων
1693 5266 1720 5320 δέ
