3950 5925
392 344 443 403 DE
465 341 656 401 NNONYMO
677 341 856 403 ruerent
879 343 1028 403 enutrit
1053 344 1176 404 tinnis
1198 344 1420 405 snvrnttnt.
1650 366 1706 407 cur

87 477 247 540 sequentes
265 464 341 539 nigri
358 483 451 542 prope
469 463 566 521 sinum
586 461 713 533 irinum,
727 462 838 520 virides
853 464 884 519 in
926 463 1013 523 nibus
1027 463 1155 534 obnoxia
1165 466 1212 525 sit.
1226 500 1263 509 -
1273 466 1416 523 Praeterea
1429 470 1596 541 navigiorum
1606 488 1709 543 gerrem

88 562 169 617 mari
195 560 381 637 barygazeuo
405 560 510 639 (5δο);
532 560 579 617 sin
599 578 702 617 versus
724 557 790 617 ludi
805 560 883 616 ostia
922 560 952 617 iu
975 559 1042 617 aliis
1065 560 1236 635 regionibus
1257 561 1315 618 aliu
1343 571 1443 617 notare
1466 560 1548 619 solet.
1575 562 1708 639 ΙΙλοιοίρια

89 674 213 711 cursum
222 655 362 733 tenueris,
369 653 663 729 longeadbucaterra
669 665 883 711 semotooccur-
923 642 1011 731 ραπιδ
1025 652 1071 711 καί
1085 653 1213 729 μονόξυλα
1227 654 1263 711 ad
1278 653 1389 732 llhapta
1401 654 1632 732 promontorium
1647 656 1710 729 (οιιί

90 750 132 807 rit
140 750 229 810 fluvii
239 769 314 828 aqua
321 750 388 809 alba
402 750 498 828 (538).
512 750 578 807 Alia
589 748 773 807 suntindicia
786 749 883 807 τοπικά
923 750 992 808 hinc
1006 770 1112 810 nomen
1124 752 1185 829 esti
1200 764 1228 809 et
1248 750 1462 810 llenuthiadem
1484 751 1608 809 insulam
1624 772 1710 810 usur·

90 845 295 921 impendentis
315 846 502 924 tempestatis.
527 843 638 913 Quodsi
653 844 688 902 ad
716 836 883 902 ,dramatum
923 858 995 922 pant
1022 847 1051 921 (5
1071 844 1115 905 15.
1134 844 1196 924 16];
1214 844 1331 924 σχεδίαις
1353 845 1481 913 ἐντοπίαις
1500 844 1665 925 δερματίναις
1685 844 1710 913 ἐξ

91 942 415 1019 promontoriumaqua
423 942 536 1000 turbari
545 942 634 1019 coepit
644 953 793 1017 mutatque
803 941 882 1016 colo:
925 944 1013 999 ἀσκῶν
1035 942 1147 1000 Arabes
1163 942 1229 1002 thus
1251 943 1282 1000 in
1301 942 1398 1003 Canen
1414 944 1578 1001 convehunt
1598 946 1625 1021 (5
1640 946 1710 1023 ²7l3

92 1055 176 1112 rem,
187 1049 316 1096 metuens
330 1050 416 1095 nauta
428 1036 464 1094 ad
475 1036 623 1095 ’fabarum
635 1035 831 1115 promontorii
844 1048 886 1117 iu?
925 1035 1031 1094 ἀνιόπια
1048 1036 1135 1117 panti
1147 1037 1271 1116 πλοιάρια
1284 1036 1317 1094 τὰ
1332 1036 1460 1115 λεγόμενα
1476 1038 1582 1117 μαδόρα
1593 1040 1711 1096 Omanis

93 1145 194 1189 tamen
206 1132 340 1209 confugit
351 1134 384 1208 (§
395 1153 428 1189 ια
436 1133 457 1210 l.
474 1131 656 1201 Quibusdam
668 1131 699 1189 in
708 1130 784 1189 locis
796 1131 885 1188 maris
926 1132 957 1189 iu
968 1132 1107 1193 Arabiam
1120 1131 1316 1210 expediuntur
1327 1133 1356 1213 (5
1368 1134 1412 1209 36]
1424 1156 1432 1203 ;
1447 1132 1537 1212 μακρόν
1549 1135 1627 1191 πλοῖα
1645 1133 1713 1191 ili·

94 1227 208 1287 fluenta
217 1229 432 1303 navigationem
447 1227 619 1297 semtudant,
633 1240 665 1284 ut
678 1227 703 1284 si
717 1228 783 1303 quis
792 1225 884 1284 'l'abis
925 1248 1000 1303 γεται
1014 1226 1160 1306 τράππαγα
1180 1226 1225 1285 καὶ
1248 1226 1367 1297 uirtute
1389 1228 1419 1284 in
1443 1228 1510 1286 sinu
1528 1228 1712 1307 Bnrygazeno
1770 1224 1772 1231 ί

91 1324 219 1400 Oponen
228 1337 307 1401 petat
314 1322 451 1402 [Sr3);iu
458 1324 715 1400 aliissurnmopere
723 1323 884 1381 cavendum
926 1323 1192 1399 navesperegriuas
1202 1322 1332 1381 remulco
1342 1321 1460 1380 trahunt
1474 1322 1501 1401 (5
1514 1324 1714 1399 (ί.);ο1ἰιιοιιιιῑ

92 1432 155 1490 est;
181 1420 226 1477 sic
251 1420 284 1477 in
302 1419 429 1478 Arabico
449 1420 516 1479 sinu
536 1421 614 1478 inter
636 1418 838 1476 Nabataeorum
858 1431 887 1475 et
925 1416 1022 1474 τοπικά
1036 1418 1133 1503 πλοῖα,
1149 1418 1258 1495 quibus
1269 1437 1287 1476 e
1298 1418 1413 1476 Paduca
1427 1431 1455 1477 et
1468 1418 1604 1497 Sopatma
1618 1420 1648 1478 in
1664 1420 1712 1479 Li·

92 1513 268 1572 Sabaeorum
292 1516 428 1591 regiones
452 1518 467 1573 δ
491 1513 646 1594 παράπλους
669 1512 815 1594 ἐπισφαλὴς
839 1513 885 1571 καί
927 1514 1058 1590 myricen
1079 1515 1220 1591 navigant
1238 1515 1341 1592 (560);
1358 1516 1414 1573 alia
1431 1515 1539 1573 ibidem
1558 1514 1584 1581 ἐξ
1604 1513 1713 1593 μονοξύ-

92 1607 250 1684 ἀλίμενοςὴ
264 1607 341 1688 χιίιρα
353 1609 398 1667 καί
409 1609 539 1691 δύσορμος
547 1608 592 1667 καλ
604 1608 766 1687 ἀκάθαρτος,
781 1606 884 1689 ῥαχίαις
927 1609 981 1665 λων
1005 1606 1104 1667 πλοίων
1130 1608 1259 1688 μεγίστων
1286 1609 1364 1689 ἀραῖς
1388 1608 1560 1687 ἐζευγμένων,
1585 1610 1713 1685 λεγόμενοι

92 1704 139 1763 καὶ
148 1704 255 1770 σπίλοις
268 1705 408 1784 ἀπρόσιτος
428 1704 651 1764 καίκαεδπάνεσ
665 1703 765 1785 ροόερσί
784 1706 809 1782 (5
822 1706 880 1782 ao).
931 1700 1066 1781 οάγγαρα,
1084 1704 1143 1763 alia
1161 1725 1226 1781 quae
1246 1704 1315 1763 hinc
1338 1705 1368 1762 in
1389 1705 1519 1781 Chrysen
1546 1704 1713 1782 trajiciunt,

94 1798 332 1859 interamniam
350 1821 422 1861 vero
443 1815 474 1860 et
489 1801 613 1859 Diodori
628 1801 753 1860 insulam
771 1800 883 1883 ῥοώδης,
930 1801 1142 1881 κολανδιορωντα
1160 1800 1193 1879 p}
1219 1800 1251 1859 ιδ
1267 1800 1390 1879 με’γιστα.
1406 1800 1485 1859 Alibi
1502 1802 1715 1877 magnitudines

93 1895 309 1970 ιασαπνεόμενος
322 1894 374 1954 ἀπὸ
393 1898 447 1953 τῶν
466 1894 666 1973 παρακειμένων
687 1898 766 1975 ὀρῶν,
790 1899 805 1954 δ
824 1894 882 1952 διοί-
930 1895 1049 1953 navium
1062 1896 1290 1971 distinguuntur.
1305 1896 1353 1953 Sic
1366 1894 1475 1953 trabes
1488 1894 1601 1955 Leucen
1612 1917 1715 1955 comen

94 1989 176 2054 πλόος
198 1988 302 2069 (5ος).
326 1990 393 2048 Alia
421 1991 553 2068 pericula
575 1989 695 2048 vitanda
710 1989 746 2047 ad
771 1988 883 2047 irinum
931 1990 1039 2049 adeunt
1051 1990 1149 2057 πλοίοις
1161 1992 1190 2050 οὐ
1199 1992 1332 2068 μεγάλοις,
1342 1992 1410 2050 dum
1424 1991 1583 2067 grandibus
1592 1992 1715 2051 navibus

94 2086 192 2143 sinum
209 2087 237 2162 (5
252 2091 313 2164 (ο),
332 2087 391 2145 ειΙίιι
407 2088 440 2144 in
453 2088 520 2145 sinu
535 2087 736 2165 llarygazeno,
750 2085 802 2145 ubi
821 2107 885 2145 cau·
929 2099 1053 2145 utuntur
1067 2085 1132 2145 lndi
1151 2088 1203 2163 qui
1218 2088 1296 2163 ligna
1311 2087 1441 2164 aliasque
1454 2106 1500 2145 res
1521 2091 1616 2163 magni
1635 2088 1714 2145 rolu-

94 2183 169 2241 tium
180 2185 294 2252 taeniae,
313 2202 393 2241 mare
407 2182 508 2254 breve,
520 2182 590 2240 litus
601 2181 712 2240 humile
727 2201 760 2240 ac
772 2201 885 2242 summa
930 2182 1020 2240 minis
1032 2182 1063 2239 in
1075 2180 1211 2239 Arabiam
1224 2181 1383 2260 deportant.

95 2278 244 2355 repentini
256 2277 353 2337 fluxus
367 2290 397 2335 et
410 2278 540 2335 reiluxus
550 2276 733 2335 vehementia
746 2276 819 2335 adeo
832 2296 884 2335 ua·
976 2277 1041 2348 176.
1063 2276 1207 2347 Eunoni,
1224 2278 1255 2334 in
1273 2295 1372 2350 regum
1395 2274 1559 2333 ditionibus
1581 2278 1655 2347 sita,
1668 2293 1715 2335 arn

95 2374 277 2447 rigationem
291 2374 491 2453 praepediunt,
508 2386 539 2430 ut
562 2373 682 2430 advenae
702 2391 789 2431 naves
808 2392 884 2430 non·
932 2370 1151 2449 ἀποδεδειγμένα,
1172 2368 1281 2446 νόμιμα,
1299 2370 1410 2445 ἔνθεσμον
1434 2382 1581 2442 sunt‚aut
1607 2372 1714 2430 τοπικσί.

96 2470 788 2549 nisiremulcotractaeindigenarnmpiscatorum
797 2488 887 2547 opera
932 2468 999 2526 llaec
1033 2469 1218 2527 commerciis
1246 2468 1410 2525 inserviunt
1432 2485 1497 2543 quae
1519 2470 1594 2523 inter
1615 2482 1717 2544 portus

97 2567 248 2644 Barygaza
260 2569 527 2647 attingerepossint
539 2566 565 2647 (5
579 2567 636 2645 to).
651 2570 887 2625 Portuscommo·
931 2560 1061 2638 ejusdem
1086 2562 1215 2637 regionis
1237 2561 1436 2632 intercedunt;
1467 2560 1518 2617 illa
1540 2562 1717 2639 recipiendis

96 2662 126 2719 di
144 2662 198 2720 ubi
218 2676 390 2741 suppetunt,
406 2662 546 2721 rationem
569 2680 670 2719 eorum
693 2662 888 2737 nonexponit
931 2658 1078 2717 mercibus
1100 2658 1264 2735 peregrinis
1289 2671 1339 2716 aut
1360 2657 1550 2734 exportandis
1571 2659 1717 2735 indigenis

95 2758 212 2831 Noster,
228 2771 333 2817 eontra
348 2778 419 2816 vero
432 2770 532 2815 monet
545 2755 665 2814 ubinam
679 2755 752 2812 boni
766 2754 885 2831 quidem
931 2755 1037 2813 lervel
1052 2775 1123 2815 usus
1137 2754 1309 2815 destinabat.
1329 2754 1362 2812 ln
1380 2752 1495 2832 AEgypti
1514 2774 1567 2812 ora
1586 2760 1717 2834 emporia

96 2867 201 2934 portus
221 2874 284 2913 non
313 2855 385 2925 sint,
396 2867 522 2912 attamen
541 2852 681 2911 stationes
701 2848 887 2929 praebeautur
932 2852 1138 2931 ἀποδεδειγμένα
1160 2852 1298 2910 dicuntur
1314 2849 1517 2927 Myoshormus
1532 2865 1560 2909 et
1578 2852 1715 2911 berenice

97 2949 185 3008 modo
204 2969 334 3024 securae,
350 2950 438 3009 modo
451 2949 687 3028 periculosiores.
701 2948 750 3008 Sic
773 2946 886 3008 barba·
934 2946 1013 3032 (§1)‚
1035 2950 1066 3008 in
1091 2949 1315 3007 huxumitarum
1343 2966 1433 3024 reguo
1459 2945 1582 3026 ἐμπόριον
1605 2948 1715 3026 νόμιμον

96 3045 148 3102 riae
176 3047 315 3124 emporia
340 3046 496 3121 insigniori
521 3057 610 3123 portu
635 3056 751 3117 carent,
779 3043 888 3101 habent
931 3042 1329 3122 Adulis(§l.]‚apudSabaeos
1340 3041 1450 3100 Arabes
1461 3045 1544 3101 Muza
1554 3043 1716 3123 (§ar)(*'')‚

97 3154 192 3199 nmen
221 3138 422 3218 ἀγκοροάολίαις
444 3139 490 3197 καί
512 3139 602 3205 σάλοις
614 3136 675 3203 τοὺς
696 3137 792 3216 όρμους
817 3137 888 3196 κατὰ
931 3141 1008 3216 apud
1022 3139 1125 3199 Persas
1140 3143 1157 3208 ἡ
1170 3137 1311 3214 Ἀπολόγου
1327 3138 1414 3215 (535)
1427 3160 1435 3209 ;
1449 3141 1479 3195 in
1494 3139 1612 3212 regione
1625 3139 1716 3198 thuri·
1796 3199 1803 3214 ,

94 3232 200 3312 ιιαιραδς
222 3233 384 3305 ἐπιτηδείως
399 3235 427 3312 (5
441 3235 479 3311 7).
506 3233 551 3292 Ad
570 3233 666 3290 Malao
688 3251 764 3309 emp.
779 3235 793 3289 ό
807 3230 888 3312 ὅρμος
933 3236 994 3293 sera
1015 3236 1131 3293 llloscba
1151 3249 1194 3292 est
1220 3233 1298 3312 ὅρμος
1323 3232 1537 3308 ἀποδεδειγμένος
1554 3239 1600 3291 τοῦ
1625 3237 1717 3312 Σαγα-

95 3328 237 3399 tetam«,
249 3328 410 3404 σκεπόμενος
419 3326 573 3406 ἀκρωτηρίῳ
588 3328 626 3406 τῷ
636 3324 663 3392 ἐξ
674 3327 802 3396 ἀνατολῆς
816 3328 885 3385 ἄνα·
931 3331 1003 3387 λίτου
1017 3329 1125 3388 λιόοίνου
1147 3331 1173 3406 (5
1189 3329 1249 3406 32).
1265 3327 1299 3386 ln
1314 3327 1418 3388 Ariana
1441 3326 1542 3387 lndicu
1554 3328 1715 3404 legitimum

95 3424 205 3484 τείναπι
211 3425 240 3502 (5
253 3426 293 3502 8).
302 3423 549 3503 ΑιΙΜιιιιόιιοιῐψ.
558 3420 755 3504 ἀσφαλέστερον
766 3421 843 3504 ignei
854 3421 887 3481 εδ
932 3425 1096 3502 emporium
1111 3438 1154 3483 est
1166 3425 1313 3500 Rarygaza
1320 3445 1329 3495 ;
1341 3421 1419 3500 quod
1431 3424 1485 3480 etsi
1493 3425 1640 3500 expressis
1650 3445 1715 3482 rer-

95 3525 175 3580 ιιλοῖσ
197 3525 236 3589 ιίς
258 3521 308 3593 vir
324 3521 516 3602 προσκιιμίνην
542 3519 650 3597 ἔγγιστα
669 3524 715 3591 τῆς
739 3525 787 3597 γῆς
808 3523 888 3591 νῆσον
932 3518 980 3578 bis
1002 3540 1061 3578 non
1085 3534 1182 3582 monet
1207 3519 1322 3588 Noster,
1340 3531 1434 3576 tamen
1450 3518 1518 3576 inde
1539 3532 1617 3597 patet
1637 3521 1716 3597 quod

98 3620 125 3692 (5
139 3621 182 3695 9).
199 3618 359 3696 blosyllum
367 3617 445 3696 jacet
463 3619 491 3674 tr
511 3616 623 3695 αἰγιαλῷ
639 3615 762 3696 δυαόρμορ
787 3615 814 3694 (5
831 3619 886 3695 ιο).
930 3615 1046 3694 reliqua
1058 3614 1146 3692 hujus
1161 3615 1243 3690 regni
1253 3613 1400 3692 emporia,
1413 3612 1561 3692 Suppara,
1575 3613 1716 3689 Galliena,

95 3713 193 3792 Prope
204 3714 376 3772 Aromatum
389 3713 554 3792 emporium
563 3715 578 3770 δ
588 3711 668 3791 όρμος
681 3710 805 3778 ἐπίσσλος
816 3709 885 3793 [καλ]
930 3709 1135 3787 Mandragora,
1143 3710 1337 3788 Palaepatmae‚
1348 3707 1525 3784 hlelizigara,
1534 3709 1715 3787 Byzantium,

95 3807 164 3868 ιιοιτά
189 3804 298 3887 ιιαιροδς
325 3806 489 3874 ἐπινιόνδυνος
503 3807 547 3866 διδ
559 3805 590 3864 εδ
605 3809 724 3887 προσεχῆ
741 3804 785 3864 τόν
806 3805 886 3864 τόπον
930 3807 1097 3884 Togarum,
1121 3804 1363 3884 Tyrannosboas,
1390 3818 1533 3863 vocantur
1555 3804 1666 3879 τοπυιδι,
1687 3808 1716 3864 iu

96 3893 162 3962 εἶναι
176 3906 218 3981 τῷ
234 3902 317 3982 βορίρ
329 3903 354 3980 N
368 3900 424 3980 ια).
436 3902 527 3962 Juxta
536 3903 677 3981 Apocopa
691 3901 808 3960 Azaniae
817 3920 887 3979 por·
930 3925 996 3981 quae
1010 3906 1035 3964 si
1046 3905 1092 3962 vel
1113 3903 1186 3960 sorte
1197 3901 1313 3960 fortuna
1329 3919 1418 3964 naves
1430 3901 1598 3976 graecanicae
1612 3903 1718 3979 appel-

96 4013 141 4058 tus
156 3999 273 4069 nullus,
284 4000 393 4077 passim
406 4000 553 4057 xeroloca
566 3996 763 4078 ἀγνυροόολίοις
775 4017 887 4056 accom·
931 3999 1006 4070 lunt,
1033 3999 1171 4076 imposha
1195 3995 1330 4054 custodia
1350 3995 1497 4071 Bnrygaza
1522 3995 1713 4056 deducuntur.

98 4097 184 4154 moda
199 4098 226 4176 (5
241 4095 300 4174 15).
316 4096 401 4157 Muza
412 4096 576 4173 emporium
588 4094 710 4169 ἀλίμενον
728 4093 787 4170 μὲν,
802 4092 888 4152 εὗσα-
930 4095 1064 4153 Ceterum
1091 4114 1127 4152 ex
1152 4092 1202 4152 his
1224 4091 1382 4150 Gallienam
1413 4089 1567 4166 Saraganae
1592 4091 1718 4150 senioris

97 4192 140 4248 λον
153 4190 182 4247 δὲ
195 4189 242 4248 καὶ
252 4189 362 4269 εὔορμον
377 4188 421 4247 δεδι
437 4187 471 4248 ed
485 4187 547 4268 περὶ
561 4187 644 4260 αὐτὴν
662 4187 795 4266 ἀμμόγειοι
806 4191 886 4265 ἀγκυ-
931 4189 1112 4270 temporibus
1123 4188 1247 4267 ἐμπόριον
1262 4185 1385 4262 ἔνθεσμον
1397 4187 1501 4258 luisse,
1515 4184 1571 4244 sub
1585 4185 1717 4244 Sandane

99 4285 208 4364 ροίολια
221 4288 250 4362 (5
264 4287 326 4366 at).
340 4285 530 4345 ptolemaidis
537 4283 616 4352 τόπος
629 4283 750 4360 ἀλίμενος
760 4282 886 4342 καίσκό-
930 4299 1024 4344 autem
1041 4287 1226 4344 imminutum
1242 4301 1305 4340 esse
1316 4281 1442 4340 traditur
1454 4283 1481 4358 (§
1495 4281 1531 4338 52
1544 4282 1565 4356 l.
1577 4281 1717 4338 Similiter

98 4406 159 4462 ραις
173 4382 255 4458 μόνον
264 4383 313 4454 τὴν
327 4382 472 4463 ἐπιδρομὴν
485 4381 554 4462 ἔχων
571 4383 644 4461 (53).
665 4381 808 4440 Similiter
820 4382 887 4439 Nel·
930 4383 1090 4445 Eudaemon
1112 4378 1220 4438 Arabia
1231 4378 1303 4440 olim
1320 4375 1458 4434 eximium
1474 4375 1527 4432 luit
1538 4375 1714 4453 emporium,

98 4480 196 4555 cynda
215 4480 371 4557 Limyricae
393 4481 506 4540 onustis
526 4479 653 4538 navibus
668 4479 746 4538 adiri
768 4479 886 4556 nequit,
930 4489 1031 4553 postea
1043 4494 1113 4533 vero
1130 4487 1238 4532 mutata
1258 4470 1451 4547 nauigationis
1475 4469 1588 4526 ratione
1605 4469 1641 4526 ad
1659 4470 1716 4528 vici

98 4577 148 4632 sed
159 4575 197 4631 ad
214 4575 448 4634 bacarenvicum
461 4575 677 4635 subsistendum
687 4576 789 4652 ibique
800 4595 889 4636 onera
931 4572 1089 4630 exilitatem
1114 4571 1261 4632 redactum
1279 4581 1333 4640 est,
1348 4586 1433 4644 quem
1458 4585 1515 4623 non
1535 4565 1575 4623 ita
1594 4566 1716 4624 multum

98 4673 301 4750 expromenda
311 4685 379 4732 sunt
395 4673 492 4748 (555).
505 4671 540 4730 ln
549 4671 698 4731 Adulitico
711 4685 806 4730 autem
821 4673 887 4730 sinu
932 4679 998 4724 ante
1011 4665 1109 4724 Nostri
1124 4677 1234 4722 aetatetn
1248 4662 1342 4719 Elisat·
1353 4660 1497 4718 destruxit
1510 4660 1536 4736 (§
1546 4661 1605 4730 alil.
1623 4660 1655 4718 ln
1668 4660 1715 4718 Li-

97 4787 190 4842 quum
204 4767 277 4824 olim
300 4767 335 4826 ad
355 4768 479 4827 Diodori
491 4768 617 4825 insulam
629 4767 710 4824 litori
723 4767 887 4844 proximam
930 4765 1042 4840 myrica
1068 4761 1204 4831 Muziris,
1227 4761 1258 4817 iu
1270 4757 1431 4815 Pandionis
1455 4777 1545 4844 regno
1570 4756 1717 4833 Nelcynda

98 4862 295 4939 appellerent,
312 4881 391 4920 nunc
412 4861 450 4919 ad
463 4861 575 4919 Orinen
598 4861 725 4920 insulam
744 4879 833 4920 naves
852 4862 889 4919 si·
932 4857 1046 4936 ἐμπόρια
1059 4853 1263 4933 ἀποδεδειγμένα
1275 4853 1376 4911 Nostri
1393 4852 1572 4930 temporibus
1592 4853 1714 4922 suerint3

98 4970 188 5029 stunt,
195 4956 335 5035 quoniam
346 4957 430 5035 prior
442 4957 527 5016 statio
537 4955 732 5014 barbarorum
747 4956 889 5014 incursio·
931 4967 1009 5012 certe
1023 4955 1067 5010 bae
1082 4952 1169 5012 urbes
1179 4951 1316 5009 dicuntur
1328 4951 1356 5005 αἱ
1375 4953 1418 5005 νῦν
1433 4946 1597 5028 πράσσουσαι
1612 4950 1638 5024 (5
1653 4949 1720 5023 53),

127 5087 159 5149 (Ἴ
171 5091 202 5137 xt
214 5088 257 5136 vix
267 5099 327 5137 tana
335 5099 383 5136 ιον
397 5087 463 5146 πολ,
474 5099 530 5146 quae
543 5087 569 5134 tu
581 5085 665 5135 codiee
678 5085 778 5134 amento
795 5086 869 5134 mrct.
886 5087 953 5134 Fort.
965 5086 1018 5133 erat
1030 5096 1037 5131 z
1051 5081 1161 5132 νεολαίνδια
1181 5081 1237 5130 δνιοι
1261 5095 1312 5140 puy.
1330 5076 1369 5128 vet
1384 5075 1477 5126 πάντων
1489 5077 1519 5126 τὰ
1532 5093 1569 5138 μ.,
1580 5075 1617 5126 rel
1629 5075 1716 5126 νόλανα

98 5148 232 5211 διαφέροντα
241 5155 277 5213 τῷ
297 5150 389 5213 μεγέθει
402 5150 442 5198 vel
455 5148 544 5197 αόλιινα
553 5149 659 5209 λέγονται
670 5148 727 5195 ὄντα
743 5147 851 5208 μέγιστα,
1188 5189 1191 5202 ,

127 5222 171 5282 (·’)
185 5220 346 5271 Ρεοδοδίίίίει
358 5218 435 5271 etiam
445 5221 511 5268 caue
524 5218 697 5280 metiundum
707 5218 815 5280 νόμιμον,
824 5229 972 5280 ιμιοιιιιμιοιιι
984 5215 1007 5262 id
1021 5217 1044 5263 iu
1054 5212 1136 5263 codiee
1148 5213 1230 5262 inostro
1246 5209 1340 5260 disertis
1354 5207 1436 5258 turbis
1451 5221 1500 5257 non
1512 5206 1606 5258 (heitar.
