3950 5925
497 474 503 487 ·
596 455 647 515 DE
671 455 858 515 HANNONE
879 454 1229 519 cantitantmnttsti.
1634 484 1715 526 artu

141 592 187 649 33.
207 590 310 649 lledux
333 592 437 649 Hanno
455 593 648 653 narrationem
665 594 779 651 itineris
791 593 822 651 in
836 592 887 651 Sa·
976 596 1717 679 34.Famaquaedamnovicommerciipernautamm

102 686 181 743 turni
187 686 461 763 templodedicavit,
468 698 590 745 testante
600 688 684 762 greci
696 686 888 749 nostrilibelli
935 704 1185 771 mercatorumque
1192 695 1298 769 vulgus
1305 714 1374 752 mox
1385 694 1451 753 ad'ti
1456 716 1546 756 raecos
1553 714 1720 776 penetrasse

101 782 252 841 indiculo:
267 778 396 850 Ἄννωνος
407 782 596 862 Καρχηδονίων
606 784 735 863 βασιλέως
748 782 890 862 περίπλους
934 785 1062 847 videtur.
1078 786 1150 856 Quae
1163 788 1201 845 de
1219 808 1293 847 auro
1306 790 1450 850 &renuis
1462 793 1566 851 insulas
1580 794 1717 854 Herodo-

99 879 151 933 τῶν
167 878 236 956 ὓπδρ
255 876 304 944 τίς
327 876 487 955 ’Προκλέους
510 877 607 948 στήλας
630 878 752 939 haduidis
774 882 820 949 tiit
843 881 890 955 γῆς
937 894 983 940 tus
992 881 1038 955 lv,
1053 884 1107 958 ¹95
1122 896 1233 963 narrat,
1243 888 1391 945 conlumm
1399 887 1507 947 Cernes
1518 891 1620 949 insula
1630 906 1718 951 etre-

101 970 424 1048 ,repugnantemque
439 975 465 1031 tr
479 974 518 1053 τῷ
527 978 572 1031 τοῦ
589 972 689 1050 Κρόνου
704 972 815 1048 capitu.
831 974 888 1032 lie·
934 980 1030 1057 gionis
1045 982 1181 1039 curiles-re
1190 984 1359 1041 memoriam
1372 984 1498 1062 prodere
1511 1002 1629 1047 censent
1642 1009 1696 1067 pro
1706 1024 1718 1035 ·

99 1069 281 1128 dicationem
299 1071 399 1129 innuit
412 1072 499 1129 etiam
515 1071 657 1130 Aristides
672 1070 704 1130 in
721 1070 890 1152 AEgyptiaco
934 1074 1080 1135 habiliter.
1098 1076 1197 1155 lpsum
1211 1078 1319 1138 (brues
1332 1098 1439 1137 nomen
1456 1080 1585 1157 primum
1595 1082 1716 1142 obvium

97 1178 117 1245 t.
133 1164 171 1237 ll,
188 1186 220 1243 p.
235 1175 292 1239 171.
309 1168 409 1225 verbis
422 1166 503 1225 hisce
517 1190 523 1223 :
536 1166 588 1226 lici
601 1167 652 1241 μὴν
668 1166 725 1225 οὐδὲ
743 1169 889 1247 Καρχηδο-
935 1172 967 1229 sit
980 1172 1010 1229 in
1022 1173 1189 1247 fragmentis
1201 1173 1322 1251 Ephori.
1337 1165 1416 1233 ldem
1425 1175 1560 1253 Ephorus
1568 1178 1599 1235 in
1610 1180 1718 1238 Oceani

97 1258 160 1316 νίων
175 1262 201 1317 oi
215 1259 407 1327 ἐκπλεύσαντες
432 1260 481 1327 ἔξω
502 1260 633 1340 Γαδείρων
658 1260 769 1328 καὶτὰς
791 1264 818 1321 ίν
838 1263 890 1330 τοῖς
934 1268 1050 1327 occidui
1072 1288 1126 1326 ora
1146 1269 1229 1327 norit
1253 1268 1370 1348 Καρικὸν
1395 1273 1495 1349 τεῖχος,
1516 1274 1596 1349 qnod
1622 1286 1717 1333 tamen

97 1352 208 1431 ἕρνίμννς
221 1356 271 1424 τῆς
290 1354 391 1427 litiis<
409 1355 498 1421 πόλιν
511 1354 657 1420 οἰκίσαντες
671 1360 761 1414 τοῦτον
776 1357 888 1433 ἤνεγκαν
934 1363 1076 1441 oppidum
1087 1383 1177 1441 quum
1189 1362 1227 1421 ab
1235 1364 1376 1423 Hannone
1385 1367 1502 1425 nonnisi
1511 1369 1596 1426 noris
1605 1370 1718 1428 colonis

95 1449 188 1509 οἶκαδε
204 1452 250 1509 τὸν
266 1451 354 1529 λόγον,
370 1453 424 1509 οὔδ’
439 1452 589 1531 &altaalta
604 1450 657 1511 οὐδ’
674 1452 802 1521 ἀνέθηκαν
815 1454 842 1511 ἒν
851 1454 889 1533 τῷ
935 1472 1049 1517 auctum
1060 1460 1108 1529 sit,
1115 1458 1175 1536 jam
1186 1460 1300 1536 pridem
1310 1460 1421 1519 Graecis
1431 1474 1531 1518 notum
1543 1482 1606 1522 esse
1614 1468 1718 1541 potuit,

95 1548 175 1624 ίερῷ,
198 1544 279 1622 ἔτερα
293 1543 382 1603 πολλὰ
393 1546 440 1603 καί
452 1546 537 1607 ἄτοπά
552 1546 707 1627 γράψαντες.
728 1548 824 1608 idem?
840 1550 890 1609 El·
934 1556 1020 1614 sicuti
1032 1554 1187 1625 llelittam,
1202 1554 1331 1641 ejusdem
1341 1568 1449 1613 tractus
1461 1556 1573 1628 locum,
1588 1557 1650 1634 jam
1665 1580 1717 1617 no-

95 1642 138 1706 αὸς
155 1632 191 1711 ἦν
207 1640 327 1719 δημοσίᾳ
341 1640 441 1721 ρροίααι
455 1640 500 1698 καί
512 1643 667 1718 ἀναγγεῖλαι
681 1642 806 1701 ἀναθέντα
819 1641 889 1721 λέγω
934 1651 978 1708 vit
989 1668 1006 1707 e
1017 1650 1146 1722 (laricis,
1167 1650 1286 1725 opinor,
1304 1650 1401 1708 nautis
1415 1649 1562 1710 Hecataeus
1573 1652 1715 1717 Milesius.

94 1736 140 1793 καὶ
154 1741 263 1807 τοῦτον,
274 1732 364 1813 ὥσπερ
374 1737 398 1792 οἱ
409 1738 460 1793 τῶν
474 1736 662 1814 Καρχηδονίων
670 1736 889 1815 ἡγιμόναςγρτίμ·
934 1744 1091 1802 Conditum
1101 1763 1173 1801 vero
1184 1742 1221 1802 ab
1233 1744 1375 1803 Hannone
1382 1744 1613 1821 'l'bymiaterium
1621 1762 1650 1807 et
1661 1750 1718 1809 alia

94 1854 167 1903 ματα
187 1828 258 1907 ὑπὲρ
276 1828 374 1887 τούτων
387 1828 423 1895 τίς
436 1852 461 1886 τι
479 1834 531 1887 τῶν
543 1832 635 1889 κοινῶν
649 1834 725 1911 lapsis
740 1833 787 1909 (l).
803 1832 889 1892 Simi·
934 1839 1065 1917 quedam
1081 1858 1147 1917 quae
1158 1858 1224 1897 cnm
1234 1839 1393 1897 Hannonea
1403 1842 1572 1900 narratione
1581 1848 1717 1922 componi

94 1927 161 1982 liter
177 1925 301 1983 Plinius
328 1922 376 1995 vi,
401 1925 438 1982 36
458 1938 557 1983 narrat
578 1918 749 1983 Hannonem
765 1927 887 1986 duarum
933 1935 1718 2017 possunt,legunturinScylaceiperipiipaneposrff.

93 2022 269 2097 Gorgadum
294 2033 375 2079 cutes
402 2023 563 2095 argumenti
588 2034 616 2079 et
637 2022 772 2081 miraculi
797 2026 889 2098 gratia
934 2050 996 2103 ma,
1011 2050 1102 2109 quaea
1116 2030 1224 2108 reliqui
1237 2030 1345 2109 peripli
1355 2030 1456 2090 indole
1467 2033 1541 2091 inire
1550 2033 1718 2113 discrepans

95 2120 125 2175 in
140 2117 275 2175 lunonis
297 2120 405 2194 templo
429 2116 577 2193 posuisse,
593 2129 734 2195 spectatas
749 2120 887 2195 usquead
934 2146 949 2183 a
966 2122 1078 2184 ¹seriore
1101 2127 1201 2203 aliquo
1223 2126 1343 2183 homine
1361 2130 1457 2183 ass'uta
1476 2140 1530 2187 est.
1555 2130 1717 2190 Chremetis

95 2213 307 2287 Carthaginem
329 2226 453 2290 raptam.
479 2212 529 2270 His
547 2233 599 2271 cut·
626 2212 698 2271 fides
712 2213 887 2289 denegetur,
933 2224 1016 2282 llurii
1042 2225 1152 2281 mentio
1180 2223 1213 2280 lit
1236 2223 1267 2281 in
1289 2222 1454 2282 Aristotelis
1485 2223 1718 2303 Heteorologicis

97 2328 213 2366 causam
231 2308 369 2366 idoneam
384 2328 444 2365 non
458 2308 556 2368 video.
573 2310 744 2367 Hannonem
761 2313 887 2389 suscepti
933 2320 957 2391 1,
984 2322 1030 2380 13,
1053 2320 1109 2378 Sed
1125 2320 1229 2377 horum
1253 2318 1326 2377 nibil
1348 2320 1389 2377 ita
1407 2336 1605 2399 comparatum
1619 2338 1674 2400 est,
1687 2340 1718 2383 ut

97 2405 208 2479 negotii
223 2404 356 2461 rationes
364 2404 394 2461 in
406 2417 507 2463 senatu
520 2404 696 2476 reddidisse,
709 2424 812 2483 easque
824 2407 889 2465 lite-
932 2434 967 2473 ex
986 2418 1050 2493 ipsa
1069 2428 1169 2473 nostra
1192 2416 1302 2494 ppripii
1318 2418 1456 2474 versione
1468 2416 1588 2477 fluxisse
1603 2418 1717 2479 debeat.

96 2503 137 2559 ris
150 2501 342 2576 consignatas
352 2513 381 2557 et
392 2501 417 2559 ἐν
430 2498 528 2580 ἀρχαίῳ
538 2514 700 2561 asservatas
711 2520 774 2560 esse
783 2516 888 2580 sponte
932 2511 1049 2569 Primus
1064 2513 1116 2589 qui
1143 2514 1259 2568 laudaro
1279 2514 1424 2568 Hannonis
1439 2516 1550 2588 perrpto
1575 2514 1613 2571 de
1640 2516 1717 2590 ignis

96 2598 287 2672 intelligitur.
303 2596 337 2653 ln
350 2596 396 2655 his
407 2616 575 2674 veroquam
588 2598 704 2673 singula
714 2617 778 2675 qnae
790 2598 826 2657 ad
838 2618 888 2657 co·
932 2606 1114 2663 torrentibus
1120 2624 1155 2663 ea
1167 2626 1232 2683 quac
1241 2625 1305 2683 pag.
1320 2607 1509 2685 raleguntnr,
1524 2608 1618 2681 alieri,
1635 2610 1717 2667 ideo·

97 2694 888 2774 loniaruminstitutionemetcommerciapertinercnt,
932 2720 991 2777 que
1012 2720 1106 2775 graeca
1131 2701 1239 2777 peripli
1254 2701 1389 2758 versione
1411 2720 1483 2759 usus
1502 2720 1566 2761 esse
1585 2704 1715 2777 ridetur,

98 2802 233 2845 accurate
240 2788 389 2865 descripta
401 2808 463 2846 esse
473 2790 617 2847 censenda
627 2791 697 2862 sint,
709 2791 785 2849 haud
796 2790 887 2849 obvio
932 2796 1231 2855 Pseudo-Aristoteles
1240 2798 1284 2855 est
1299 2798 1330 2855 in
1339 2797 1408 2857 llis.
1418 2818 1443 2858 c,
1456 2799 1492 2869 37
1502 2798 1550 2859 ed,
1563 2799 1714 2859 werram.

99 2886 203 2960 suique
215 2884 330 2941 aditum
342 2885 378 2941 ad
391 2902 425 2941 ea
434 2887 562 2963 patuisse
572 2898 652 2943 tanto
663 2886 802 2945 libentius
816 2908 888 2945 con·
933 2895 1087 2951 Auctorem
1105 2890 1194 2970 hujus
1216 2892 1399 2952 collectionis
1423 2892 1515 2971 liquet
1536 2895 1717 2973 temporibus

97 2981 190 3056 cedes,
206 2993 321 3057 quanto
335 2980 441 3039 anxius
463 3001 566 3040 cavere
580 2982 707 3040 solerent
727 2982 886 3058 Carthagi·
933 2989 1099 3065 Agathoclis
1114 2990 1230 3065 tyranni
1246 2990 1255 3066 ί
1269 2989 1353 3066 cujus
1366 3011 1392 3049 c.
1407 3009 1463 3047 tro
1473 2992 1583 3048 mentio
1592 2990 1642 3071 tit)
1657 3013 1716 3051 non

99 3079 213 3134 irienses
235 3096 273 3134 ne
288 3078 324 3135 ad
349 3090 466 3136 exteros
481 3079 550 3135 talia
570 3091 789 3156 promanarunt.
805 3079 885 3136 Nihil
933 3085 1023 3142 luisse
1047 3084 1255 3160 antiquiorem.
1279 3084 1413 3159 Denique
1437 3087 1643 3145 memorandus
1662 3087 1718 3146 hoc

99 3195 166 3230 vero
181 3172 381 3250 impediebat,
401 3174 472 3250 quin
491 3195 603 3232 summa
617 3175 732 3232 itineris
747 3176 840 3252 capita
856 3177 886 3234 in
933 3182 996 3238 loco
1018 3193 1062 3238 cst
1082 3181 1226 3238 Arrianus
1246 3180 1298 3256 qui
1314 3183 1345 3238 in
1363 3180 1427 3237 lnd.
1443 3201 1468 3240 c.
1494 3183 1531 3248 ii
1545 3187 1555 3258 (
1568 3201 1600 3243 v.
1613 3183 1718 3242 Hanno

97 3271 241 3326 honorem
257 3269 410 3327 Hannonis
419 3271 505 3326 titulo
515 3269 635 3349 publico
648 3270 887 3329 commendaren·
931 3294 960 3352 p.
980 3275 1036 3349 aa)
1058 3274 1094 3332 de
1116 3274 1268 3331 Hannonis
1291 3275 1480 3350 navigatione
1503 3277 1608 3334 ceteris
1630 3277 1717 3341 babet

98 3378 142 3422 tur
156 3367 226 3439 tali,
241 3365 358 3442 qualem
372 3385 464 3440 graeca
476 3377 575 3423 nostra
583 3365 722 3438 reddunt,
739 3365 887 3442 inquibus
932 3368 1136 3427 luculentiora.
1149 3367 1216 3445 lpse
1228 3367 1347 3444 quidem
1360 3369 1509 3445 sequioris
1520 3369 1612 3431 atatis
1630 3371 1718 3432 homo

98 3463 131 3522 de
144 3463 333 3522 commerciis
352 3481 391 3522 ne
411 3461 534 3522 verbum
552 3463 671 3542 quidem
692 3475 783 3524 exstat
795 3475 825 3522 ct
839 3483 886 3521 co·
932 3475 991 3534 est,
1007 3462 1058 3520 sed
1083 3462 1214 3520 Historia
1231 3462 1333 3520 ludica
1353 3463 1422 3521 satis
1441 3463 1547 3544 probat
1568 3465 1717 3539 ignorasse

98 3558 243 3616 loniarum
254 3559 307 3616 vix
317 3561 438 3619 nomina
446 3574 642 3638 apponuntur,
654 3561 783 3638 plurima
791 3573 886 3618 autem
931 3570 1077 3615 auctorem
1088 3557 1217 3636 plurima
1226 3577 1303 3633 quae,
1317 3558 1342 3615 si
1353 3558 1399 3615 sui
1413 3558 1469 3614 aevi
1483 3559 1615 3636 periplos
1628 3561 1714 3636 legis·

99 3667 162 3710 simt
184 3655 265 3711 circa
282 3654 433 3712 mirabilia
453 3655 627 3730 itinerisque
653 3655 801 3732 pericula,
821 3674 887 3731 quae
931 3665 985 3723 set,
999 3653 1075 3710 scire
1097 3652 1231 3723 debebat,
1254 3664 1406 3728 tutumque
1427 3652 1555 3729 pendere
1565 3649 1601 3711 ex
1615 3658 1717 3732 paucis

98 3748 279 3807 deterrerent
290 3750 389 3826 potius
401 3750 497 3806 simile
508 3749 579 3825 quid
594 3769 717 3807 ausuros
732 3769 818 3826 quam
836 3769 885 3807 ex·
931 3745 1017 3804 bonae
1037 3747 1218 3823 antiquitatis
1232 3747 1436 3825 scriptoribus,
1459 3746 1602 3820 Nearcho,
1619 3749 1714 3826 liega-

99 3847 241 3914 citarent,
265 3846 339 3902 adeo
351 3858 384 3903 ut
404 3865 489 3902 exeo
506 3846 572 3922 ipso
593 3846 715 3903 consilio
731 3846 886 3904 videantur
931 3845 1048 3915 sthene,
1070 3844 1240 3915 Daimaclro,
1267 3843 1465 3920 Eratpstbene.
1479 3843 1536 3906 Vix
1554 3845 1645 3920 igitur
1659 3847 1716 3905 du-

97 3959 177 3997 sumn
190 3940 318 3998 traxisse
326 3940 465 3998 colorem.
477 3940 577 3998 Oratio
587 3953 683 3998 autem
694 3941 738 3997 rel
746 3941 776 3998 in
785 3941 886 4016 graccis
930 3940 1013 3998 bium
1025 3953 1079 4014 est,
1095 3939 1168 4018 quin
1183 3959 1247 4018 quae
1261 3939 1298 4000 de
1313 3939 1424 4000 Arabia
1436 3939 1567 3999 nondum
1585 3943 1712 4002 circum·

96 4055 153 4111 pra·
170 4053 204 4092 se
225 4037 283 4092 lert
299 4035 417 4094 dicendi
431 4053 522 4109 genus
537 4034 684 4092 abscisum
703 4035 777 4093 illud
793 4036 887 4094 acdu·
930 4040 1068 4114 navigata
1078 4051 1107 4095 et
1122 4038 1373 4100 Oceannocciduo
1389 4052 1418 4096 et
1430 4038 1581 4097 Hannonis
1594 4041 1714 4116 naviga-

96 4149 169 4198 rum,
188 4149 277 4206 quem
296 4130 404 4206 stylum
425 4129 600 4206 lapidarium
617 4142 734 4186 vocant.
752 4127 884 4197 Quanam
930 4133 1011 4191 tione
1022 4133 1133 4191 lndieis
1147 4133 1317 4210 subjungit,
1328 4152 1364 4190 ex
1382 4131 1570 4191 Eratosthene
1580 4132 1715 4210 deprom-

95 4225 313 4301 probabilitatis
326 4227 425 4303 specie
444 4225 527 4283 multi
543 4226 710 4284 censuerint
723 4245 884 4302 gracorum
914 4217 918 4228 ⁶
931 4229 1012 4286 serit.
1027 4227 1111 4286 Hunc
1122 4228 1159 4286 de
1173 4228 1346 4286 Phoenicum
1368 4227 1404 4286 ad
1418 4229 1565 4286 Oceanum
1586 4228 1715 4288 coloniis

95 4333 241 4377 auctorem
265 4321 359 4378 susam
389 4325 582 4379 narrationem
608 4322 746 4398 punicam
771 4323 802 4378 in
821 4341 883 4380 ma·
931 4322 1052 4401 Libycis
1061 4323 1138 4382 hand
1150 4343 1242 4403 pauca
1252 4325 1371 4382 novisse
1382 4324 1602 4399 vidimus,qnae
1610 4323 1716 4383 Strabo

95 4416 231 4473 clientum
247 4416 396 4492 redegisse
414 4416 634 4493 compendium,
657 4436 718 4473 non
733 4434 883 4494 assequor.
930 4429 1078 4496 tamquam
1091 4417 1224 4477 sabulosa
1233 4419 1321 4516 ridet,
1335 4419 1406 4476 istas
1418 4416 1531 4476 fabulas
1542 4437 1614 4476 vero
1624 4419 1717 4498 Ophe-

93 4562 137 4598 oon
154 4556 239 4600 tamen
254 4549 287 4600 de
299 4545 343 4600 tait
361 4563 441 4600 rerum
459 4553 523 4600 statu
538 4555 647 4601 muctare
667 4551 718 4600 sine
732 4551 851 4600 historicis
864 4553 960 4602 muris.
980 4553 1074 4604 tiorum
1089 4567 1147 4604 tero
1165 4553 1337 4617 antiquissimis
1355 4565 1370 4602 t
1387 4551 1504 4615 Dionysio
1520 4552 1575 4603 liat.
1594 4558 1715 4605 amauri

91 4621 239 4670 intacitum
254 4624 466 4685 syracusanum...
482 4642 494 4666 ι
507 4623 584 4672 ticdio
598 4635 654 4684 ergo
666 4624 728 4672 iuter
737 4623 827 4685 cymm
843 4625 868 4672 et
877 4625 977 4674 Darium
994 4624 1102 4674 itotbum
1113 4624 1241 4673 intervallo
1251 4624 1323 4687 primi
1334 4621 1451 4685 ceperint
1459 4621 1575 4672 atstmct.
1588 4625 1638 4673 ttec
1651 4629 1717 4685 potc-

92 4695 143 4740 rant
157 4691 220 4741 adeo
232 4693 313 4742 multo
323 4707 374 4743 esse
382 4694 532 4756 antiquiores
541 4706 578 4742 res
589 4693 820 4754 contraginiensicm
832 4693 1013 4744 intentissimae.
1026 4695 1073 4753 Qui
1086 4695 1151 4744 enim
1165 4707 1203 4744 res
1215 4693 1447 4755 cambaginicasium
1457 4693 1537 4755 tingue
1549 4693 1625 4756 patria
1640 4695 1714 4744 Puni·

90 4773 117 4808 ca
127 4761 271 4824 prodiderit,
283 4764 406 4812 neminem
417 4763 481 4824 apud
488 4765 581 4813 veteres
588 4764 727 4826 reperimus.
743 4781 755 4806 τ
765 4763 807 4813 iiis
815 4763 934 4824 taminia
945 4777 1008 4825 quos
1017 4763 1101 4814 ercii
1114 4777 1162 4817 noa
1172 4765 1253 4823 liceat,
1265 4761 1410 4822 marciatis,
1424 4761 1564 4814 Dadnctlm
1574 4763 1715 4814 Hannonem

92 4835 115 4878 et
125 4832 289 4881 tiimiiconem
301 4833 452 4894 navigatores
465 4832 561 4882 eosdem
574 4845 626 4882 esse
639 4835 722 4882 censet
740 4845 798 4882 cnm
814 4835 930 4883 iiannone
943 4839 968 4885 et
980 4835 1116 4888 Himilcone
1125 4834 1237 4895 ducibus,
1251 4833 1294 4895 qni
1304 4833 1402 4894 otyup.
1421 4836 1475 4893 trs,
1488 4839 1502 4882 1
1516 4834 1715 4894 subinnuitio·

91 4903 150 4950 ciem
162 4905 346 4964 syracusanum
358 4917 396 4953 ret
409 4903 531 4964 gerebant.
545 4905 660 4955 ceterum
669 4904 787 4966 peripium
800 4907 853 4966 post
865 4907 968 4955 mortem
977 4907 1100 4955 Hannonis
1110 4905 1156 4954 snb
1167 4905 1230 4954 illins
1241 4905 1339 4954 nomine
1352 4903 1423 4954 insit
1434 4905 1536 4955 Gratas
1546 4903 1644 4965 quidam
1654 4906 1714 4954 cnr·

92 4972 279 5032 tiraginiensium
292 4974 423 5024 studiosus.
443 4975 529 5037 scylax
550 4977 692 5023 iisnnouem
706 4987 755 5023 non
767 4975 885 5035 adtribuit,
907 4975 951 5026 sed
963 4976 1046 5025 omnia
1063 4987 1149 5025 ουτοι
1163 4974 1341 5038 antiquioribm
1358 4975 1501 5026 Phocicum
1517 4973 1615 5037 periptis
1626 4973 1713 5024 bricii.

92 5044 147 5090 itaec
158 5043 315 5106 Dodueiius,
332 5045 402 5105 cujus
416 5047 467 5093 tota
479 5045 609 5106 disputatio
622 5045 774 5108 ineptissimis
785 5045 984 5098 inriolationibus
995 5048 1082 5096 sutet.

118 5115 149 5172 Γ)
164 5113 203 5162 ct.
221 5113 311 5162 titulus
328 5125 409 5163 rerum
423 5114 455 5162 ab
471 5115 603 5164 iiaunibaie
616 5119 737 5176 gestarum
749 5115 774 5165 in
786 5117 868 5165 italico
883 5117 975 5179 templo
985 5117 1087 5166 iunonis
1098 5115 1204 5167 bacinia
1216 5115 1518 5178 pastorinanum
1526 5114 1641 5162 οιτττίτττ
1652 5114 1712 5173 (Po-

89 5181 134 5240 tyb.
150 5185 195 5244 tit,
209 5187 250 5233 ³3.
262 5190 308 5243 am
322 5183 377 5234 biv.
392 5185 503 5246 xxviii,
516 5188 546 5234 aa
560 5187 577 5247 ).
594 5185 673 5234 Minus
685 5186 732 5234 truc
746 5187 868 5248 pertinent
878 5189 968 5239 tabule
984 5189 1103 5240 tmderum
1114 5189 1139 5238 in
1150 5187 1204 5238 rede
1217 5188 1286 5238 ioris
1300 5186 1429 5250 capitolini
1442 5185 1546 5246 (Polyb.
1566 5186 1614 5244 itt,
1626 5189 1656 5234 11
1669 5184 1714 5243 let

90 5265 140 5312 qn
154 5255 178 5302 in
191 5253 289 5302 duobus
303 5254 401 5303 sacellis
411 5257 556 5304 mnsecratoe
566 5258 634 5305 eraut
649 5255 745 5305 traderis
758 5269 814 5305 cum
826 5259 918 5309 Getone
931 5259 983 5308 initi
993 5260 1003 5320 (
1013 5257 1113 5309 Diodor.
1127 5259 1170 5318 111,
1190 5265 1247 5318 tan
1257 5259 1275 5318 ).
1291 5257 1366 5319 tingis
1379 5257 1452 5306 ctam
1475 5267 1490 5303 a
1504 5267 1530 5304 rc
1542 5253 1714 5305 contradicat

94 5327 147 5370 sunt
160 5327 320 5376 monumenta
336 5323 478 5386 iiamiicart,
494 5327 522 5374 nt
536 5325 779 5387 nomismatibus
792 5331 938 5394 cambagioc
951 5333 1007 5382 tum
1018 5330 1044 5379 tn
1058 5327 1178 5391 coloniis(
1189 5327 1304 5381 itcrodnt.
1322 5329 1378 5388 1111,
1392 5329 1435 5378 iti
1446 5326 1464 5386 ).
