3950 5925
268 420 305 471 26
828 409 1010 471 saltatis
1033 411 1327 475 cantannssrtsts
1822 418 1886 497 (aa)

307 569 342 610 tt.
361 548 491 607 Enetos
508 541 585 603 llud
598 540 625 601 δὲ
641 538 756 608 Κελτοὺς
771 540 872 601 Ἐνετοί
889 543 953 600 εἰσιν
968 541 1050 615 ἔθνος,
1133 574 1175 625 ¹9·
1191 558 1308 608 vum,
1326 556 1389 607 post
1404 553 1490 607 (ΗΜ
1502 555 1666 609 vemgomm
1677 564 1717 609 ὥς
1726 574 1800 627 gens,
1813 561 1887 631 apud

265 637 312 696 καὶ
329 634 449 711 ποταμὸς
466 630 603 710 Ἠριδανὸς
617 631 644 687 ἔν
659 631 758 694 αὐτοῖς.
802 628 939 687 Ἐντεῦθεν
954 628 982 687 δὲ
997 653 1049 687 xa·
1094 640 1440 712 eosquefluvjusssfidanus,
1479 639 1889 716 Abmuoempmvigafio

266 718 667 806 ρᾶπλονιῑστὶνὴμέραεμιᾶι·
1094 727 1296 782 eraserimus.

304 831 342 869 ao.
360 812 478 869 introi.
494 804 572 867 Μετὰ
593 804 621 863 δὲ
637 802 758 871 ’uitam
770 803 834 863 εἰσὶν
848 802 949 885 Ἴστρον
964 803 1049 883 ἔθνος,
1134 834 1179 871 20.
1192 820 1276 869 Israr.
1292 818 1355 870 Post
1372 816 1490 869 Venetos
1507 825 1569 869 sunt
1585 817 1645 869 Isnt
1662 828 1689 869 et
1700 818 1797 872 fluum
1807 822 1887 873 Ister.

263 897 311 957 ael
328 895 446 972 ποταμὸς
467 890 583 973 Ἴστρος.
625 884 710 959 Οὗτος
727 897 741 950 l
759 892 878 969 ποταμὸς
891 892 938 951 καὶ
954 894 989 959 εἷς
1005 892 1050 950 tlt
1094 906 1145 958 llic
1158 904 1253 957 fluvius
1266 904 1346 957 etiam
1358 903 1386 955 iu
1399 905 1516 957 Pontum
1527 904 1662 957 Euxinum
1673 904 1813 972 delabitur,
1830 924 1889 979 spe·

264 982 505 1044 timentitibus
520 981 729 1048 tenemium*
743 981 936 1059 εῐςΑῐγυπτον.
980 984 1048 1041 Πα-
1094 1004 1170 1045 ctam
1183 991 1325 1061 AEgyptum
1341 1006 1442 1042 versus.
1469 990 1701 1060 Preternarigatio
1711 994 1889 1047 istrianorum

264 1072 381 1153 ράπλους
393 1072 421 1130 ’δὲ
433 1076 479 1142 τῆς
491 1070 644 1150 Ἰστριανῶν
654 1068 743 1149 χώρας
755 1068 854 1148 ἡμέρας
867 1069 912 1126 καὶ
927 1068 1026 1135 νυκτός.
1094 1079 1209 1147 regionis
1222 1087 1261 1130 est
1274 1076 1327 1129 diei
1340 1078 1487 1147 noctisque.

303 1182 342 1223 tt.
370 1166 531 1221 histrum.
556 1156 635 1219 lteri
657 1156 685 1215 δὲ
706 1156 826 1237 Ὶστρους
841 1156 967 1237 Διθυρνοί
984 1160 1050 1216 εἰσιν
1130 1174 1174 1210 21.
1189 1159 1321 1211 branam.
1336 1157 1400 1208 Post
1411 1158 1494 1209 istros
1508 1156 1688 1209 Liburnorum
1702 1175 1765 1227 gs
1778 1169 1828 1212 est.
1850 1163 1890 1214 Ea

262 1249 344 1317 ἔθνος.
388 1247 437 1310 Ἐν
451 1247 479 1307 δὲ
488 1245 573 1327 τούτῳ
586 1248 624 1326 τῷ
632 1244 697 1304 ἔθνει
706 1247 796 1312 πόλεις
807 1246 857 1305 εἰσὶ
868 1245 941 1325 παρὰ
953 1245 1052 1304 θάλατ-
1094 1244 1121 1296 ln
1132 1253 1208 1313 genle
1222 1243 1300 1295 urbes
1309 1252 1372 1295 ⁵1¹¹st
1382 1241 1458 1312 juxlfl
1471 1259 1559 1295 111ῑηὶ
1576 1243 1645 1309 Ῑνῑθὸι
1659 1242 1758 1309 ΗΜ,
1774 1247 1889 1299 Ᾱῑῑῑθῦῑ·

261 1337 405 1410 carbilae,
425 1334 559 1413 Ἴδασσα,
579 1333 750 1407 ’Anseris-ne,
769 1333 891 1415 Δυύρτα,
910 1335 1048 1415 Ἀλουψοὶ,
1094 1343 1143 1398 tes,
1158 1334 1269 1403 Dyyrta,
1295 1331 1398 1403 Alupsi,
1418 1330 1484 1396 Olsi,
1501 1330 1621 1397 Pedetae,
1645 1334 1769 1386 Hemioni
1789 1334 1887 1405 (Alos,

263 1505 314 1557 tale
326 1504 432 1556 sormait
444 1522 481 1556 un
499 1503 585 1556 ooude
597 1500 782 1567 tres-sensible,
796 1520 833 1555 un
847 1520 899 1573 peu
910 1520 944 1554 au
957 1501 1007 1554 sud
1017 1501 1052 1554 de
1094 1502 1221 1571 scripturn
1236 1498 1295 1565 luit,
1313 1516 1396 1570 quum
1409 1499 1600 1568 significaretur
1618 1498 1643 1553 ἔν
1657 1499 1737 1553 Δέλτα
1754 1505 1841 1573 carofi,
1860 1504 1888 1555 in

262 1582 462 1645 l'cmboucbure
475 1581 512 1633 du
533 1580 582 1645 Pb,
602 1578 753 1653 parcequ'a
774 1583 858 1651 partir
873 1580 906 1633 de
920 1579 987 1633 liils
1006 1579 1052 1633 lai·
1094 1580 1177 1631 literae
1197 1579 1276 1632 Delta
1290 1578 1398 1644 habitu,
1413 1589 1494 1649 prout
1514 1579 1624 1647 contigit
1645 1578 1679 1632 ad
1693 1580 1848 1651 AEgyptum.
1876 1607 1886 1631 ι

262 1663 346 1714 saient
359 1662 450 1714 courir
462 1661 487 1713 la
498 1662 557 1713 cdte
568 1658 640 1713 droit
653 1677 687 1711 au
697 1660 731 1712 N.
750 1660 820 1713 C’est
834 1679 864 1713 co
875 1659 955 1712 conde
970 1660 1053 1730 qu’on
1093 1660 1165 1710 Bene
1179 1656 1212 1710 ad
1223 1658 1396 1723 sententiam,
1410 1675 1464 1709 non
1476 1658 1538 1711 item
1551 1657 1639 1728 quoad
1650 1659 1738 1712 verba.
1755 1660 1807 1713 mit
1821 1663 1889 1731 quid

261 1742 365 1813 prenait
374 1759 443 1812 pour
454 1739 478 1792 le
492 1739 570 1810 μυχὸς
581 1757 618 1791 ou
626 1738 699 1807 fond
709 1738 746 1790 du
755 1738 834 1807 golse.
856 1738 935 1791 Voila
952 1738 1053 1809 l'expli·
1093 1738 1143 1791 sibi
1159 1737 1238 1790 velint
1250 1736 1292 1789 illa
1306 1734 1339 1798 εἰς
1357 1734 1481 1809 Αἴγυπτον
1498 1748 1624 1791 eruerunt
1645 1756 1677 1791 ex
1690 1739 1831 1794 Herodoto
1843 1744 1888 1805 ΙΙ,

261 1822 349 1872 oetion
364 1820 557 1890 geographique
570 1817 608 1870 du
626 1836 732 1889 passage
745 1817 779 1869 de
797 1828 874 1870 notre
887 1818 989 1888 Periple
1007 1820 1052 1888 qni
1094 1818 1139 1882 34,
1157 1819 1203 1887 qui
1217 1834 1271 1869 non
1286 1816 1362 1885 longe
1373 1816 1407 1869 ab
1418 1817 1491 1869 ostiis
1501 1818 1599 1869 Istrum
1611 1828 1686 1888 putat
1697 1818 1725 1870 in
1745 1820 1889 1873 meridiem

261 1910 317 1952 met
328 1888 446 1951 l'Eridan
457 1917 491 1952 au
500 1897 558 1951 dela
579 1897 617 1951 du
630 1898 724 1968 μυχθςς
739 1897 802 1951 c'est
821 1915 850 1950 ee
861 1915 913 1967 que
927 1914 960 1948 ne
969 1899 1054 1967 parait
1093 1914 1201 1949 cursum
1215 1904 1325 1960 vertere,
1341 1896 1377 1948 ita
1388 1907 1418 1948 ut
1435 1896 1498 1947 hino
1510 1894 1590 1949 ducta
1610 1914 1658 1967 per
1673 1899 1788 1968 Sinopen
1800 1908 1830 1951 et
1842 1900 1889 1951 Ci-

259 1980 393 2050 pasaroir
405 1980 519 2049 compris
532 1978 653 2030 Niebuhr
666 1977 703 2048 (H
724 1979 756 2029 ll.
770 1978 793 2040 1,
804 1994 833 2047 p.
848 1993 908 2045 171,
922 1978 951 2027 αθ
962 1975 1051 2047 edit),
1093 1976 1179 2029 cilium
1191 1976 1259 2029 linea
1278 1986 1350 2028 recta
1362 1974 1502 2045 AEgyptum
1517 1975 1660 2045 Nilumque
1671 1988 1770 2046 tangat.
1788 1976 1890 2047 (stm-

260 2060 335 2128 quia
355 2076 402 2110 eru
416 2076 469 2128 que
487 2058 600 2110 l’auteur
613 2057 650 2110 du
664 2056 766 2127 Periple
782 2056 879 2128 portait
893 2054 930 2107 les
942 2054 1053 2107 embou-
1094 2056 1153 2109 liter
1174 2056 1229 2109 aliis
1247 2056 1344 2108 Tanais
1367 2054 1463 2106 lluvius
1483 2053 1546 2106 aerii
1561 2055 1692 2125 διάμετρον
1711 2055 1839 2127 dexippo-oq
1852 2064 1890 2129 τῷ

259 2137 355 2190 chorei
363 2136 401 2203 du
409 2135 581 2190 Priail'orient
589 2136 622 2188 de
631 2136 655 2189 la
664 2153 722 2188 mer
728 2133 892 2204 Adriatique.
906 2134 1054 2186 -Similiter
1093 2136 1194 2207 Νείλῳ,
1208 2145 1273 2187 teste
1286 2132 1409 2187 Strabon.
1423 2134 1458 2197 X,
1472 2151 1499 2203 p.
1516 2134 1579 2203 493.
1594 2134 1602 2207 )
1617 2138 1706 2202 Quare
1719 2136 1832 2206 Scylaeis
1848 2138 1889 2189 lo-

259 2219 571 2280 Mannertustom.V11,
588 2234 616 2287 p.
635 2216 686 2285 374
702 2213 850 2267 Eridanum
870 2211 923 2264 dici
950 2214 1053 2283 putavit
1093 2232 1155 2266 cum
1167 2212 1318 2266 Holstenius
1331 2214 1408 2265 vertit
1422 2228 1428 2264 ε
1442 2212 1499 2264 exit
1501 2212 1607 2282 fluuius
1616 2212 1654 2265 ad
1661 2216 1891 2283 Pontumsmnn·

232 2301 236 2311 '
261 2315 316 2349 non
330 2296 452 2359 Padum,
469 2294 515 2347 sed
532 2313 594 2347 eum
608 2294 730 2358 lluvium,
747 2294 794 2363 qui
813 2310 886 2344 nunc
899 2295 995 2344 Isonzo
1008 2310 1053 2345 vo·
1092 2292 1171 2365 quasi
1187 2292 1214 2361 ip
1228 2296 1372 2364 AEgyptum
1385 2308 1519 2344 conversa.
1538 2292 1630 2345 Graece
1643 2292 1712 2346 hanc
1731 2296 1759 2346 in
1780 2308 1889 2349 senten·

260 2384 335 2427 catur
349 2375 377 2425 in
396 2374 522 2425 intimum
540 2374 613 2425 sinus
626 2388 756 2423 recessum
770 2370 916 2439 egrediens.
1093 2374 1156 2425 tiam
1169 2371 1269 2425 Gailius
1280 2369 1364 2424 edidit
1377 2388 1383 2423 :
1395 2370 1603 2435 incrementulum
1614 2389 1673 2441 quae
1685 2390 1737 2426 vox
1748 2390 1844 2427 vereor
1854 2394 1890 2427 ne

295 2455 312 2520 §
329 2467 371 2521 19.
393 2449 521 2504 ‘Erarol
532 2449 543 2523 ]
555 2452 592 2502 sic
601 2452 684 2503 Paris.
700 2447 773 2513 cod.;
784 2448 868 2501 eddit.
882 2446 988 2501 Ἕνετοὶ.
1004 2450 1053 2502 Ce-
1093 2450 1169 2504 nihili
1187 2451 1230 2502 sit.
1250 2450 1403 2502 Potuisset:
1426 2447 1581 2503 εθθυσιιοινῶν
1597 2448 1646 2515 εἰς,
1672 2464 1742 2503 recta
1762 2467 1890 2525 sprctmrs

260 2542 348 2584 terum
365 2534 379 2599 §
394 2547 429 2585 20
443 2530 527 2583 codex
544 2528 664 2591 ’Erisane
686 2531 727 2581 De
741 2528 790 2581 lrac
804 2538 927 2580 accentus
943 2528 1053 2582 fluctua-
1092 2547 1184 2583 aursus
1197 2532 1350 2599 AEgyptum,
1367 2528 1406 2581 vel
1418 2527 1499 2599 εθθείᾳ
1510 2529 1636 2593 νενευκὼς,
1651 2528 1758 2598 νε1[ἔπ’
1770 2534 1780 2599 ]
1792 2531 1890 2595 εθθείας

260 2612 332 2663 tione
341 2628 367 2664 ν.
377 2608 500 2662 Dindorl'.
511 2610 538 2662 in
547 2609 627 2661 Thes.
640 2626 666 2660 v.
680 2605 782 2669 Ἕνετθς.
795 2610 806 2677 ll
816 2637 854 2648 -
866 2604 897 2658 ’ll
906 2607 995 2676 ριδαν
1003 2606 1053 2676 ὃς]
1093 2610 1180 2662 νεύων.
1192 2609 1340 2661 Proximea
1351 2606 1450 2659 codicis
1461 2606 1543 2660 literis
1554 2608 1650 2660 absum
1663 2625 1722 2677 quar
1731 2609 1889 2663 Clauscnius

259 2687 341 2756 Quod
361 2687 465 2741 Padum
484 2698 578 2740 auctor
592 2686 701 2739 Eridani
717 2687 825 2738 nominc
838 2684 996 2750 introducit,
1020 2704 1052 2739 eo
1092 2688 1176 2741 edidit
1188 2705 1194 2740 :
1204 2687 1229 2741 ἔν
1238 2688 1353 2758 διασκευῇ
1363 2685 1436 2748 herle
1446 2685 1501 2759 hly.
1511 2678 1890 2741 Veniitndnicrioneamer-

259 2777 417 2820 vetustatem
427 2766 524 2837 Peripli
538 2764 644 2833 coargui
659 2765 760 2834 putavit
769 2763 879 2815 Gallius.
891 2765 989 2817 Contra
1004 2766 1053 2817 Le-
1082 2786 1139 2821 -sus
1158 2772 1311 2839 AEspptnm.
1326 2765 1358 2820 ld
1373 2784 1435 2819 vero
1449 2766 1585 2836 quomodo
1596 2768 1695 2820 Graecis
1709 2768 1779 2831 insit,
1795 2786 1887 2839 neque

258 2847 380 2899 tronnius
399 2845 418 2897 l.
433 2844 452 2897 l.
468 2854 559 2897 monet
578 2844 672 2915 quovis
691 2854 810 2914 tempore
830 2841 939 2895 Eridani
953 2862 1052 2897 nomen
1094 2848 1253 2901 [etronnius
1271 2846 1403 2916 perspexit
1416 2844 1432 2896 l.
1457 2844 1474 2897 l.
1491 2862 1517 2915 p.
1530 2846 1592 2909 236,
1608 2862 1694 2915 neque
1711 2846 1776 2899 mihi
1790 2846 1887 2917 liquet.

259 2935 416 2997 usurpatum
437 2922 787 2996 &senossttpoellfflfflffi
804 2922 849 2976 sed
866 2924 973 2976 eliatha
991 2942 1051 2994 geo·
1092 2930 1220 2982 Praeterea
1231 2924 1355 2980 Gailius:
1382 2948 1393 2970 ι
1409 2922 1494 2977 Valde
1512 2942 1613 2996 pronus
1627 2922 1720 2991 iorem,
1740 2926 1888 2997 inquit,a‹l

259 3006 365 3075 graphis
378 3015 404 3057 ct
416 3005 558 3070 historicis,
580 3023 607 3057 ν.
620 3022 645 3056 c.
659 3004 693 3057 ah
712 3004 887 3071 Agathemero
908 3003 967 3072 (ll,
984 3021 1018 3057 ιο
1029 3005 1049 3075 ),
1092 3009 1233 3076 imaginem
1248 3005 1325 3057 tota
1342 3004 1370 3056 in
1386 3003 1490 3074 Scylace
1506 3002 1704 3068 restituendam,
1717 3006 1738 3058 si
1752 3009 1889 3060 recentior

259 3084 381 3154 Appiano
395 3082 444 3154 (B.
455 3083 486 3136 C.
499 3085 522 3148 I,
538 3082 714 3154 109),Dione
722 3083 812 3134 Cassio
825 3081 835 3152 l
845 3083 987 3146 XXXVII,
1001 3103 1017 3150 9
1029 3083 1049 3154 )
1092 3087 1203 3157 scriptor
1220 3096 1302 3150 esset3
1325 3101 1388 3136 nam
1408 3101 1450 3136 rea
1463 3094 1502 3135 est
1519 3084 1613 3136 usitata
1630 3083 1701 3154 apud
1720 3086 1888 3155 geographos

258 3163 383 3215 Ceterum
396 3161 486 3233 Scylax
500 3181 554 3215 non
564 3173 603 3215 est
612 3163 809 3232 antiquissimus
819 3180 923 3226 eorum,
937 3164 983 3232 qui
994 3181 1051 3215 cer·
1091 3165 1259 3236 posteriores,
1272 3165 1341 3215 utin
1355 3162 1471 3215 Danubii
1482 3163 1554 3214 exitu
1565 3161 1679 3232 murima
1688 3163 1753 3214 ostia
1767 3173 1792 3214 et
1803 3164 1889 3215 triari-

258 3250 316 3293 tnm
327 3252 474 3312 notumque
487 3241 601 3312 aliquem
613 3241 723 3294 lluvium
737 3240 845 3294 Eridani
859 3242 966 3293 nomine
983 3241 1051 3293 desi·
1092 3245 1207 3314 gularcm
1227 3243 1338 3296 insulam
1351 3243 1459 3296 nomine
1472 3241 1567 3308 Πεθνην
1582 3240 1714 3294 celebrent
1727 3241 1781 3312 (V.
1794 3243 1885 3296 Stralr.

258 3331 382 3388 gnarrrnt,
393 3322 432 3373 uti
445 3321 716 3389 contenditForbiger
723 3325 816 3386 Geogr.
825 3322 875 3384 111,
886 3337 914 3390 p.
928 3321 988 3389 509.
1003 3323 1050 3373 Pa·
1091 3327 1154 3390 VII,
1167 3342 1195 3395 p.
1216 3323 1282 3388 θοός
1295 3323 1385 3394 steph.
1405 3323 1436 3374 B.
1453 3339 1478 3375 ν.
1493 3321 1591 3388 liciam
1609 3321 1695 3391 Apoll.
1719 3321 1806 3374 llhod.
1834 3326 1886 3388 IV,

257 3400 322 3452 dum
341 3419 396 3453 esse
414 3399 470 3471 jam
490 3400 593 3453 dixerat
613 3399 775 3471 Pherecydes
795 3399 846 3470 (θ.
869 3401 913 3463 33,
938 3401 982 3470 c.)
1005 3419 1047 3472 api.
1092 3405 1144 3474 329
1160 3404 1223 3474 ibiq.
1238 3403 1331 3467 schol.;
1346 3401 1457 3456 Ptolem.
1473 3403 1522 3464 Ill,
1539 3417 1589 3463 1⁰3
1601 3401 1711 3470 Dionys.
1729 3401 1797 3465 θοις
1811 3401 1884 3454 Plin.

255 3480 384 3532 German.
397 3481 431 3533 ad
444 3483 518 3534 Aret.
529 3484 591 3542 264.
605 3481 655 3532 Cui
666 3479 725 3533 loco
733 3478 870 3532 addendus
882 3489 921 3531 est
929 3481 1050 3548 Hyginus
1090 3483 1139 3546 IV,
1155 3500 1179 3534 c.
1194 3497 1240 3544 123
1254 3481 1347 3535 Avien.
1364 3482 1456 3532 Dasea.
1470 3479 1537 3532 Orb.
1552 3482 1620 3542 lim
1633 3478 1653 3550 ).
1662 3480 1748 3530 Immo
1760 3479 1887 3549 bisnepe-

259 3556 311 3611 lab.
328 3560 389 3624 154,
405 3559 472 3612 ubi:
489 3559 609 3612 Fulmine
623 3559 691 3610 ictio
705 3558 714 3629 (
726 3559 861 3611 Phaethon
875 3558 885 3628 l
900 3558 927 3609 in
946 3557 1049 3612 Pndmn
1090 3562 1159 3613 ritur
1169 3579 1212 3631 ap.
1233 3560 1437 3631 Xenophontem
1458 3559 1531 3630 (An.
1552 3559 1615 3622 Vll,
1632 3575 1644 3609 1
1661 3557 1781 3628 e15)rb
1802 3559 1886 3610 iudea

258 3637 365 3689 cecidit.
389 3637 441 3690 Hic
454 3638 542 3690 amnis
554 3657 572 3689 a
590 3637 690 3690 Graect's
701 3636 837 3690 Eridanus
848 3635 958 3699 dicitur,
974 3657 1049 3708 quem
1090 3640 1243 3710 καλούμενον
1258 3643 1301 3706 τῆς
1315 3639 1419 3710 θρᾴκης.
1435 3637 1485 3692 Sed
1506 3655 1590 3708 quum
1612 3635 1676 3689 illud
1690 3636 1822 3706 peculiare
1838 3638 1883 3690 ha·

259 3714 414 3784 Phereerrles
431 3717 537 3786 primus
560 3715 677 3768 vocavit.
702 3715 863 3768 Wclcherus
889 3716 917 3766 in
948 3715 1046 3784 Trilog.
1089 3718 1149 3771 beat
1161 3719 1321 3780 Herodotus,
1331 3728 1360 3771 ut
1370 3717 1486 3770 Danubii
1497 3713 1735 3768 conversionemad
1744 3715 1884 3768 meridiem

258 3809 287 3862 p.
299 3795 350 3862 569
360 3793 429 3846 hanc
442 3811 499 3845 rem
509 3793 549 3846 vel
558 3794 592 3846 ad
603 3793 749 3846 Hesiodum
760 3793 859 3845 referre
871 3793 963 3856 voluit,
975 3795 1048 3863 quod
1089 3797 1186 3852 diserte
1206 3796 1371 3869 expresserit,
1393 3807 1419 3848 et
1438 3795 1532 3848 similia
1553 3793 1645 3865 Scylax
1665 3811 1769 3845 coaevus
1792 3792 1884 3846 dicere

258 3870 346 3924 fabula
360 3873 408 3934 itt
420 3873 678 3942 Hyginiinseribitur
689 3871 824 3924 Phaethon
833 3871 945 3923 Hesiodi
954 3894 964 3934 ,·
975 3875 1048 3942 quod
1089 3877 1219 3942 videatur,
1238 3895 1294 3929 sese
1316 3874 1394 3928 ambo
1417 3875 1556 3945 scriptores
1580 3873 1712 3924 veterrimi
1727 3882 1847 3924 tuentur.
1868 3901 1879 3919 .

163 4001 169 4010 .
258 3949 366 4019 quidem
377 3951 579 4003 imbecillumest
586 3960 780 4020 argumentum.
796 3951 1049 4020 Ι-παράπλους
1089 3955 1160 4008 AEtas
1174 3957 1285 4027 Scylacis
1301 3972 1354 4006 non
1369 3953 1480 4025 amplius
1504 3951 1695 4023 impedimento
1708 3959 1756 4003 est.
1774 3953 1884 4004 Utram-

259 4027 343 4098 tert]
353 4032 416 4082 Post
431 4030 528 4082 bacin
543 4020 603 4082 cod.
617 4030 740 4098 leguntur
755 4047 761 4081 :
774 4028 812 4082 ἐπ’
822 4027 895 4094 ebrie
911 4028 960 4083 ἀπὸ
972 4029 1048 4099 [lima
1089 4052 1141 4104 que
1153 4036 1271 4086 virorum
1285 4032 1426 4084 doctorum
1445 4031 1602 4082 seutentiam
1618 4029 1780 4098 conjunctim
1793 4033 1883 4100 expri-

257 4107 361 4170 πόλεως.
376 4111 443 4176 Quae
452 4109 478 4160 in
488 4109 714 4179 §·t7transposui.
729 4109 797 4160 Mire
806 4107 886 4160 verba
900 4108 954 4161 baec
966 4110 1047 4162 iuter·
1088 4131 1161 4166 mere
1171 4113 1230 4165 lieet
1237 4110 1377 4164 scribendo
1389 4127 1395 4162 ε
1410 4109 1434 4162 ἐν
1445 4111 1517 4180 διαθῇ
1532 4107 1599 4179 εὐνῇ,
1615 4107 1655 4160 vel
1669 4107 1694 4160 ἐν
1705 4107 1884 4178 δισκελεῖεθνῇ

257 4196 344 4261 pretes
358 4196 501 4238 torserunt.
521 4186 657 4239 Cluverius
670 4197 696 4237 et
710 4187 820 4237 Vossius
839 4185 910 4255 conj.
927 4203 934 4238 :
950 4185 987 4239 ἐπ’
1005 4187 1047 4239 αὖ·
1091 4192 1255 4264 (sieutnolrn
1268 4191 1379 4243 dcalveo
1390 4190 1461 4241 lluvii
1472 4189 1493 4258 ),
1507 4187 1580 4249 ὡςεῖς
1589 4185 1712 4256 Αἴγυπτον
1725 4188 1882 4254 [διακόπτων

258 4264 369 4326 conam
378 4265 481 4332 Σπῖνηςε
492 4267 643 4318 Gronovius
657 4282 663 4317 :
675 4264 712 4318 ἔπ’
723 4265 796 4331 αὐτῆς
809 4264 1045 4334 Ἆκῡυλῖηςπθλεως,
1089 4292 1110 4324 s.
1124 4279 1223 4326 σποπῶν
1233 4291 1254 4324 s.
1266 4272 1362 4340 νεθων].
1374 4268 1424 4323 Sed
1432 4285 1525 4321 vereor
1535 4287 1567 4320 ne
1575 4285 1713 4337 augemur.
1721 4269 1803 4320 -De
1812 4271 1882 4322 lstm

258 4344 331 4413 ‘lus’d
354 4346 474 4397 ⁰¹¹¹¹¹l¹¹¹¹¹
488 4344 705 4397 llfflffdlffilmum
724 4356 776 4409 &li
799 4346 920 4398 Galll¹¹³²
943 4345 1048 4413 ἀῑθῖῆς
1089 4355 1117 4408 in
1138 4357 1251 4406 Pontum
1265 4351 1342 4403 simul
1361 4361 1386 4403 et
1401 4349 1565 4404 Adriaticum
1583 4349 1671 4400 sinum
1690 4359 1802 4400 exeunte
1817 4350 1882 4402 nibil

258 4422 348 4488 Σπθης
368 4425 464 4486 πόλεως
481 4423 521 4476 vel
536 4423 559 4485 ἕξ
578 4423 651 4490 “itit
664 4427 707 4490 tit
725 4425 835 4489 πόλεως,
853 4424 941 4494 ejectis
961 4427 1048 4479 ver-bis
1088 4432 1166 4484 lrabet
1173 4429 1332 4483 Herodotus.
1342 4432 1433 4483 Postea
1442 4445 1502 4480 vcro
1510 4427 1658 4479 communis
1666 4425 1819 4495 haeeopinio
1827 4438 1882 4480 erat

259 4500 308 4555 ἀπὸ
326 4503 402 4570 Πίσης
415 4504 453 4556 vel
472 4503 571 4571 Σπῑνης.
592 4507 712 4576 ineptam
727 4505 756 4558 h.
769 4503 787 4556 l.
802 4522 858 4556 asse
875 4505 961 4574 Spina
974 4506 1047 4558 urbis
1089 4511 1142 4562 loro
1167 4511 1298 4572 omniurn,
1315 4519 1344 4561 ut
1364 4507 1541 4578 Theopompi,
1563 4505 1718 4569 Aristotelis,
1732 4505 1881 4574 Timageti,

259 4582 420 4649 mentionem
441 4584 545 4635 monuit
564 4585 697 4636 Manuert.
715 4583 768 4646 IX,
792 4599 822 4643 r,
842 4599 869 4651 p.
896 4585 955 4633 106.
978 4583 1047 4638 Mira
1089 4589 1203 4652 Cleonis,
1217 4587 1348 4658 Apollonii
1360 4583 1468 4650 llhodii,
1480 4583 1669 4648 Eratosthenis,
1690 4584 1796 4654 Scymni
1808 4585 1880 4648 Chii,

259 4660 337 4712 etiarn
350 4672 412 4713 sunt
422 4680 480 4732 quae
493 4661 671 4716 Groteleudus
684 4662 701 4713 l.
716 4660 734 4714 l.
749 4659 879 4732 conjecit:
898 4659 940 4713 ἀπ’
955 4660 1048 4730 ἐκείνης
1087 4668 1208 4719 aliorum.
1223 4665 1293 4718 Vide
1313 4665 1452 4735 diligenter·
1462 4663 1497 4717 de
1508 4664 1549 4716 his
1565 4671 1739 4733 exponentem
1749 4661 1881 4715 Ultertum

259 4739 300 4791 vel
315 4739 363 4792 dab
377 4744 420 4806 τῆς
433 4739 487 4807 ἴσης
500 4743 570 4812 (pro
589 4739 712 4812 ioordpoo
722 4742 733 4808 )
745 4739 856 4802 πόλεωςς
877 4738 984 4808 intelligi
1000 4757 1046 4794 au·
1088 4749 1179 4812 Gangr.
1194 4755 1259 4796 tour.
1270 4747 1320 4806 Ill,
1335 4761 1359 4809 1,
1371 4761 1398 4815 p.
1412 4747 1471 4806 lltfi·
1481 4745 1533 4796 Pro
1545 4743 1604 4794 Istri
1615 4742 1683 4793 ostio
1691 4740 1829 4793 Adriatico
1842 4761 1883 4794 re·

258 4829 310 4873 tem
325 4820 378 4872 vult
390 4819 498 4874 Atlrlam
510 4821 613 4876 urbem.
626 4823 697 4874 Bene
709 4819 787 4872 verba
800 4819 887 4871 omisit
899 4818 1043 4872 Fabricius.
1091 4824 1284 4876 tereshnbuisse
1296 4823 1405 4875 llurium
1418 4821 1481 4875 hod.
1499 4819 1607 4886 Ouinio,
1619 4837 1650 4872 ex
1659 4819 1771 4872 Diodor.
1786 4821 1835 4883 lV,
1851 4823 1882 4872 55

294 4903 365 4968 §ao
387 4899 409 4951 ”l
418 4917 507 4970 στροι
524 4899 714 4969 llla041codd.
729 4898 799 4960 ἔθνος
810 4897 917 4968 'latren
927 4908 1046 4967 transpo-
1091 4912 1115 4953 et
1127 4902 1193 4954 Plin.
1208 4903 1256 4965 lll,
1275 4903 1305 4954 ιθ
1316 4898 1485 4970 probabiliter
1493 4899 1562 4950 cruit
1582 4900 1715 4950 Manncrt.
1727 4899 1777 4961 tx,
1793 4914 1821 4967 p.
1837 4901 1880 4960 lli.

257 4981 310 5032 suit
321 4979 465 5034 Fabricius.
481 4979 540 5048 ΙΙ-
552 4979 805 5046 ἔνδιασκεννῶς]
818 4979 860 5030 Sic
868 4976 961 5028 coelen.
972 4977 1046 5044 Quid
1127 4984 1196 5048 Sat.
1218 4979 1297 5043 Λιὰς,
1322 4979 1446 5030 'team
1465 4976 1533 5029 κτλ.
1547 4975 1882 5044 ]Dilliciledenonrinibus

258 5059 423 5130 potissimum
436 5057 619 5130 reponendum
633 5060 675 5122 sit,
691 5057 779 5110 dicere
793 5075 846 5109 non
861 5055 956 5108 habco,
979 5057 1045 5107 Vos·
1092 5061 1132 5112 his
1144 5059 1262 5112 barbaris
1274 5077 1321 5110 nec
1334 5057 1461 5118 incilibus,
1476 5065 1504 5108 ut
1514 5054 1615 5108 Plinius
1626 5057 1679 5119 nit,
1690 5065 1729 5107 est
1737 5053 1879 5124 judicium.

258 5138 313 5190 nius
332 5137 443 5209 conjecit
462 5155 468 5190 :
490 5139 664 5209 πενεαπθμως
676 5139 710 5199 ὡς
724 5137 815 5199 Νεῖλος
833 5137 888 5189 κατ’
910 5136 1043 5206 Αἴγυπτον.
1092 5139 1220 5191 Liburnia
1234 5155 1275 5208 ap.
1291 5137 1405 5190 Plinium
1424 5137 1473 5198 lll,
1491 5135 1524 5186 25
1538 5135 1630 5205 incipit
1648 5133 1682 5186 ab
1697 5135 1773 5188 Arsia
1788 5136 1879 5198 lluvio,

258 5216 339 5284 errxl
354 5219 505 5288 improbans
520 5220 691 5271 Gronm'ius:
715 5243 726 5263 ·
742 5217 852 5289 Scyluci,
868 5219 967 5287 inquit,
983 5219 1046 5270 satis
1090 5219 1132 5270 cui
1145 5217 1244 5286 adjacet
1257 5217 1319 5268 urbs
1337 5215 1509 5284 cugrromiuis.
1523 5213 1597 5266 idern
1620 5214 1754 5267 Liburniae
1774 5216 1879 5268 initium

260 5295 356 5352 luctum
372 5297 456 5360 iliius,
475 5300 496 5350 si
515 5297 622 5350 alienun
639 5315 644 5350 :
662 5299 686 5351 ἓν
708 5297 758 5350 hta
773 5301 847 5370 σκευῇ
855 5297 901 5363 ὡςς
917 5299 954 5350 sic
974 5298 1043 5350 euim
1091 5298 1234 5370 quominus
1241 5297 1334 5349 Noster
1344 5294 1471 5360 statuerit,
1486 5294 1550 5347 uihil
1562 5293 1714 5364 refragatur.
1727 5295 1797 5348 llinr·
1806 5295 1880 5366 jnrm
