3950 5925
647 440 698 499 ut:
718 438 874 499 tstuotto
893 436 1136 499 ClihlthEllO.
1435 479 1438 485 ·
1651 468 1704 513 xct

87 566 195 625 morari
209 567 303 627 uideo
316 568 367 629 uhi
391 589 451 628 non
473 568 692 648 exspectabam,
711 570 744 628 in
769 568 876 628 AEthioi
921 583 1053 648 superest
1067 570 1098 628 in
1117 570 1262 629 hodierno
1280 570 1347 631 loco
1360 574 1532 646 Mardorum
1548 596 1607 635 non
1618 578 1704 657 longe

86 666 303 747 Cmmograph.
315 690 344 748 p.
356 672 396 728 60
409 670 459 730 ed.
470 670 593 742 nautor,
607 670 660 729 ubi
671 671 752 728 haec:
769 675 797 727 A
807 672 875 728 Car·
921 665 958 723 atl
982 668 1111 739 Tedjertd
1131 664 1224 725 fluuio
1248 668 1280 724 in
1299 668 1372 745 ipsis
1396 668 1543 742 saucibus,
1563 690 1616 751 per
1632 689 1704 750 quas

85 774 249 826 mmm
264 791 350 847 mque
371 774 413 827 ad
425 774 559 847 oppidum
580 773 693 848 caappt
710 778 786 829 inm
802 776 877 844 Hyr·
921 773 1035 821 montes
1059 763 1163 821 transit
1190 762 1326 821 viatore
1349 762 1445 823 Nisaia
1468 764 1501 823 in
1525 765 1704 844 Margianam

85 888 173 925 mm„
186 884 217 927 eg
229 868 487 950 Bmmmfleg,
497 872 673 947 namorp)
685 891 764 928 mom
777 874 878 928 Mem.
920 858 1121 937 proficiscens.
1142 858 1273 917 Alterum
1298 877 1405 917 nomen
1426 860 1535 921 rectius
1554 861 1629 922 foret
1650 864 1705 925 zi-

87 966 172 1032 am„
191 984 213 1020 α
226 986 282 1041 qm,
297 972 459 1041 mimum
472 973 575 1040 jugum
588 968 692 1022 panas
704 969 817 1025 dicim,
833 964 879 1022 Ab
921 975 985 1035 ppm
994 952 1057 1033 ipim
1071 954 1169 1014 nullus
1182 956 1260 1013 enim
1275 954 1378 1014 dubito
1392 958 1464 1035 quin
1472 959 1532 1017 sint
1546 972 1658 1020 montes
1669 962 1705 1021 ad

85 1056 194 1133 oppido
219 1062 341 1136 cariffi
362 1081 447 1136 mque
464 1064 506 1116 aa
525 1067 619 1117 „rcum
638 1061 787 1135 Supprim,
807 1067 881 1117 inm
921 1048 1028 1126 Saphri
1042 1050 1139 1107 vicum
1154 1049 1221 1127 siti,
1238 1068 1312 1127 quos
1321 1050 1495 1112 Ptolemaeus
1506 1073 1564 1112 una
1578 1075 1643 1115 eum
1659 1076 1705 1116 ac·

86 1156 168 1208 Dum
180 1168 211 1209 ei
223 1159 359 1211 Auram
371 1170 401 1212 et
412 1156 589 1229 parthyenas
604 1174 682 1212 mons
694 1154 874 1214 Oscltobaert't.
922 1145 995 1203 coiis
1011 1164 1113 1203 eorum
1126 1144 1229 1205 Nitaett
1249 1146 1281 1205 ill
1296 1146 1395 1206 Atiam
1420 1150 1567 1209 transtulit
1586 1150 1595 1231 ί
1610 1172 1638 1211 V.
1654 1171 1704 1211 stt-

86 1246 162 1304 Cum
175 1248 226 1307 his
245 1250 425 1309 conferentia
445 1263 488 1308 est
499 1248 614 1307 'l'abula
631 1249 876 1327 peutingeriana,
921 1260 976 1318 ΡΝ
986 1244 1006 1319 l·
1022 1242 1100 1311 Quid
1123 1243 1215 1318 igilur
1231 1242 1267 1300 de
1291 1242 1396 1321 Saphri
1408 1246 1467 1303 Situ
1481 1258 1510 1304 tt
1527 1244 1705 1324 parthyenes

85 1362 153 1419 qua
165 1346 200 1401 in
214 1358 310 1405 unctu
323 1349 400 1405 inter
411 1349 547 1423 cattppen
556 1358 585 1403 et
601 1346 729 1421 sapham
743 1346 880 1423 (Saphar
922 1337 1049 1397 termino
1063 1338 1198 1398 orientali
1224 1340 1407 1398 statuendum
1423 1342 1476 1412 sit,
1495 1343 1565 1401 satis
1577 1342 1639 1420 jam
1654 1363 1705 1422 pa·

86 1438 124 1493 G.
142 1438 179 1497 ll.
194 1438 242 1517 ll,
269 1442 301 1512 33
319 1438 426 1521 Xoipta
447 1441 494 1499 vel
517 1442 629 1520 Σαῦπφα
642 1440 720 1497 Ptol.
740 1460 771 1515 p.
798 1438 877 1519 too)
922 1447 984 1493 tere
995 1436 1140 1494 existimo.
1154 1436 1289 1494 Ceterum
1304 1436 1411 1495 isidori
1426 1438 1610 1498 itinerarium
1628 1460 1705 1499 non-

88 1533 153 1589 loca
167 1535 229 1591 sito
242 1548 370 1593 montem
386 1534 488 1608 habet,
510 1533 596 1612 cujus
609 1554 716 1593 nomen
732 1534 879 1593 desidera·
922 1529 982 1588 nisi
1005 1548 1058 1607 per
1076 1542 1187 1609 partem
1212 1529 1392 1608 Parthyeoes
1410 1533 1581 1592 orientalem
1605 1532 1703 1607 ducit3

88 1640 148 1699 tur,
162 1630 217 1688 sed
235 1632 285 1690 cui
306 1631 401 1707 gentis
418 1651 523 1690 nomen
535 1636 656 1690 Bariana·
674 1630 878 1704 subscribitur,
922 1644 1057 1683 occasum
1079 1644 1183 1683 versus
1205 1626 1361 1703 provincia
1392 1628 1534 1704 pertinuit
1550 1647 1645 1705 usque
1669 1629 1705 1687 ad

88 1724 163 1781 adeo
180 1739 217 1782 ut
239 1725 363 1785 dubium
379 1727 513 1799 nonsit,
532 1729 604 1805 quin
623 1746 708 1786 mons
718 1728 773 1785 iste
782 1729 822 1786 sit
832 1728 878 1785 dl·
922 1720 1052 1778 confinia
1065 1718 1228 1777 Comitem
1248 1718 1309 1799 {cf-
1331 1717 1408 1781 pt⁰¹·
1420 1720 1444 1795 i·
1468 1740 1561 1799 utque
1586 1722 1622 1780 id
1648 1723 1705 1781 fle·

88 1819 160 1876 ttici
173 1822 352 1891 Oscbobaris,
365 1824 494 1898 Sapham
503 1841 576 1879 vero
587 1824 694 1899 Saphri
703 1823 798 1893 vicus,
814 1834 880 1899 post
922 1814 1120 1893 ⁰⁸1⁰ss¹lii¹⁰¹¹s
1136 1827 1219 1891 P⁰t⁰r
1236 1814 1347 1892 (ΙΠῙΡΡΘ
1356 1832 1442 1891 quam
1452 1814 1556 1873 urbem
1566 1804 1706 1895 Pffihye:

88 1933 177 1990 quem
206 1914 346 1994 deincep,
371 1929 534 1994 sequuntur
559 1920 724 1975 oscanidaer
743 1918 805 1977 mit,
822 1919 877 1989 35,
922 1927 974 1967 nes
983 1910 1181 1987 potiusquam
1196 1907 1440 1967 Comisenaeolim
1456 1910 1707 1970 suisseconsenta-

88 2012 209 2065 Asbarra
227 2011 292 2071 mil.
308 2030 345 2067 aa
353 2054 362 2083 ,
381 2014 556 2068 Alexandria
567 2013 631 2071 mil.
656 2032 694 2069 ao
706 2056 714 2084 ,
727 2014 879 2069 Antiochia
923 2024 1010 2064 neum
1022 2004 1149 2065 videtur.
1160 2004 1289 2063 Priscam
1303 2004 1378 2064 hano
1390 2006 1594 2064 Parthinorum
1605 2026 1705 2083 regum

89 2103 152 2162 mil.
166 2106 217 2164 60.
231 2104 307 2163 Sunt
317 2107 408 2181 igitur
424 2104 462 2163 ab
486 2107 641 2165 Antiochia
655 2106 878 2187 (Mamertini)
922 2100 1063 2159 ditionem
1082 2100 1187 2160 Strabo
1205 2122 1235 2179 p.
1252 2102 1309 2169 δια
1323 2101 1420 2160 innuit
1432 2100 1532 2161 verbis
1544 2122 1551 2159 r
1565 2101 1619 2173 ibi
1635 2103 1708 2182 liap-

90 2199 126 2255 atl
135 2198 247 2276 Saphri
262 2200 345 2258 milia
366 2201 419 2273 ¹37
440 2202 504 2260 sire
524 2203 597 2276 1096
612 2201 778 2260 stadiasive
793 2201 829 2259 36
843 2204 878 2279 Ἰι
922 2196 1037 2257 tucia...
1060 2196 1125 2272 πρὸς
1141 2200 1174 2275 τῇ
1199 2196 1354 2275 σμικρότητι
1367 2197 1459 2258 δασεῖα
1488 2196 1634 2277 xoidprtrl
1661 2198 1707 2257 καὶ

91 2293 231 2374 schoeni(
245 2314 420 2372 quamquam
436 2297 593 2353 auctoritas
612 2296 718 2354 horum
740 2316 878 2355 numero-
923 2293 1033 2373 ἄπορος,
1053 2306 1082 2352 et
1103 2292 1218 2353 Plinius
1236 2293 1287 2367 Vl,
1316 2294 1388 2373 ²98
1410 2296 1464 2353 113
1488 2314 1495 2351 ε
1518 2296 1635 2370 Semper
1645 2294 1710 2367 fait

90 2408 156 2445 rum
172 2408 260 2466 paene
274 2390 356 2447 nulla
368 2387 446 2470 est);
461 2388 589 2467 aSaphri
602 2404 697 2448 autem
709 2402 739 2447 et
749 2403 880 2449 extrema
922 2392 1081 2465 Parthyaea
1096 2388 1104 2471 (
1119 2391 1162 2448 sie
1176 2389 1260 2450 codd.
1278 2402 1360 2467 optt3
1374 2390 1497 2447 Parthia
1514 2402 1583 2447 vett.
1599 2390 1680 2451 editt.
1695 2392 1705 2469 )

91 2481 260 2559 Parthyene
270 2483 306 2542 ad
315 2488 346 2542 N
344 2493 459 2561 isapour
469 2483 572 2543 urbem
582 2504 640 2543 sec.
653 2484 799 2543 isidorum
811 2497 881 2543 sunt
924 2492 954 2542 in
961 2488 1100 2541 radicibus
1110 2492 1244 2543 montium
1253 2504 1339 2561 supra
1348 2487 1492 2543 dicionem.
1499 2484 1604 2543 Postea
1610 2484 1709 2544 addita

92 2577 207 2634 schoeni
231 2598 285 2653 19,
308 2579 381 2636 adeo
400 2591 434 2636 ut
455 2577 493 2636 ab
509 2578 666 2637 Antiochia
679 2578 715 2636 ad
738 2582 882 2656 Nisaponr
922 2578 1075 2640 Comisene
1097 2594 1127 2639 et
1147 2580 1290 2640 Chorene.
1314 2580 1417 2639 Strabo
1430 2581 1451 2641 l.
1465 2581 1486 2638 l.
1509 2579 1634 2661 :pipnt'
1652 2580 1708 2639 tori

94 2672 190 2730 forent
210 2672 250 2730 55
265 2688 296 2739 ν,
320 2673 444 2732 schoeni.
470 2672 554 2743 Quod
581 2692 687 2732 avero
712 2692 772 2732 noo
794 2674 880 2751 longe
922 2680 969 2747 τῆς
990 2675 1174 2756 Παρθυηνῆςῆ
1188 2699 1217 2735 re
1236 2676 1385 2752 Κωμιαηνὴ
1401 2676 1447 2735 sal
1463 2680 1480 2748 ἡ
1497 2674 1630 2757 Χωρηνὴ,
1645 2698 1708 2757 σχα-

93 2767 222 2839 recedit3
238 2787 305 2826 narn
315 2770 349 2826 in
355 2787 461 2846 mappa
474 2768 605 2847 liieperti
618 2788 637 2827 a
645 2772 830 2826 Mematcimi
843 2770 880 2827 ad
923 2772 966 2831 δὸν
976 2771 1005 2831 δέ
1016 2794 1042 2830 τι
1051 2772 1097 2831 καὶ
1109 2772 1142 2831 τὰ
1151 2772 1333 2853 μέχριΠυλῶν
1347 2772 1529 2833 Kamriusxal
1540 2772 1645 2853 Ῥαγῶν
1660 2774 1705 2833 ael

94 2862 681 2937 Nisapotrrlinearectahabesdistantiam
693 2863 878 2921 schoenorum
922 2868 1066 2948 Ταπύρων,
1081 2868 1144 2927 ὄντα
1167 2873 1213 2940 τῆς
1234 2868 1338 2939 Μηδίας
1351 2870 1488 2949 πρότερον.
1504 2870 1614 2929 Eodem
1629 2884 1704 2929 tem-

92 2958 140 3016 60.
155 2956 223 3016 lam
241 2957 349 3018 Gathar
359 2956 432 3018 urbs
441 2956 611 3039 aNisapotrr
621 2958 762 3019 orientem
777 2978 880 3020 versus
923 2984 996 3044 pore
1012 2980 1061 3024 aut
1081 2976 1183 3044 postea
1196 2965 1338 3024 orientem
1352 2985 1455 3024 versus
1473 2985 1566 3043 usque
1580 2965 1615 3024 ad
1629 2965 1708 3025 llar-

92 3058 111 3112 6
125 3055 264 3115 schoenm
277 3057 389 3114 distans
406 3075 442 3114 eo
457 3056 517 3115 lere
532 3057 599 3116 loeo
621 3057 711 3115 inisse
728 3055 815 3116 dehet
827 3057 879 3116 ubi
923 3061 1040 3136 gianam
1058 3073 1086 3119 et
1095 3078 1197 3118 versus
1212 3059 1364 3118 meridiem
1381 3079 1473 3138 usque
1482 3061 1518 3118 ad
1525 3059 1708 3121 Carmaniam

91 3171 172 3209 nunc
187 3165 235 3210 est
259 3155 398 3225 Djerond;
421 3164 485 3229 post
504 3153 579 3211 alios
598 3152 734 3210 schram
749 3152 881 3228 quinque
923 3155 996 3213 lines
1010 3155 1134 3232 prolati,
1160 3167 1192 3212 ut
1213 3152 1339 3212 ambitus
1353 3155 1392 3213 sit
1410 3155 1437 3212 is
1448 3173 1533 3232 quem
1550 3155 1666 3216 Plinius
1679 3171 1708 3216 et

91 3246 178 3304 Siroc
187 3247 328 3324 ponenda
340 3259 384 3305 est
399 3247 435 3304 ad
448 3245 520 3305 hod.
531 3251 636 3315 Dizar;
652 3246 776 3323 reliquis
785 3247 879 3305 schor·
922 3249 1096 3308 Ptolemaeus
1106 3249 1234 3308 Parthie
1243 3251 1363 3308 nomine
1372 3251 1550 3313 describunt.
1567 3255 1635 3310 llaec
1645 3255 1709 3331 ipsa

93 3341 139 3400 nis
163 3355 248 3413 octo,
263 3342 317 3418 qui
327 3341 364 3399 ad
374 3342 481 3417 Saphri
493 3341 592 3400 vicum
611 3353 641 3399 et
654 3341 728 3400 lines
744 3337 882 3410 Parthye·
924 3363 1025 3403 rursus
1039 3357 1101 3402 erat
1111 3363 1179 3423 pars
1188 3345 1286 3420 magni
1295 3343 1470 3402 Parthorum
1482 3345 1610 3424 imperii.
1621 3347 1706 3415 Quod

94 3455 146 3494 nes
177 3437 346 3514 pertinent,
375 3436 513 3495 ducimur
547 3436 584 3493 ad
612 3438 741 3508 Tetijend
758 3435 878 3493 fluvium
923 3441 1080 3498 Lassenius
1091 3451 1174 3518 putat
1183 3439 1367 3516 Parthyenen
1377 3437 1483 3497 isidori
1498 3458 1515 3497 a
1528 3452 1625 3498 vetere
1639 3441 1707 3499 Par·

94 3532 228 3590 omnium
251 3531 284 3590 in
306 3531 354 3590 his
371 3531 540 3608 regionibus
564 3532 724 3589 maximum
748 3531 879 3609 (Ochum
924 3532 1019 3610 thyara
1039 3533 1129 3592 Plinii
1155 3547 1184 3592 et
1204 3533 1358 3591 Strabonis
1377 3533 1521 3591 diversam
1548 3553 1626 3607 esse,
1647 3555 1706 3594 non

94 3627 250 3686 Strabonis
264 3627 287 3708 l,
299 3629 351 3705 qui
368 3647 386 3686 a
400 3628 524 3686 meridie
536 3627 655 3686 boream
671 3646 774 3685 versus
787 3627 880 3687 linens
921 3626 1518 3707 probavitrirdoctissimusiml.Nomina
1528 3629 1668 3705 Παρθυαία
1680 3643 1708 3687 et

93 3723 222 3782 Parthiae
244 3737 274 3782 et
289 3725 365 3782 tria
388 3737 501 3783 montes
514 3723 643 3794 dirimit,
665 3721 792 3800 ideoque
813 3742 879 3780 cum
924 3723 1069 3801 Παρθυηνὴ
1094 3724 1172 3802 apud
1194 3723 1321 3801 optimos
1348 3723 1506 3800 scriptores
1531 3737 1710 3802 usurpantur

93 3820 245 3896 adjacente
264 3818 370 3897 Saphri
393 3820 462 3876 vico
488 3818 657 3897 aptissimus
678 3819 741 3876 sese
759 3816 880 3891 obtulit,
923 3821 1099 3898 promiscue.

93 3913 880 3993 quoParthicorummontiumjugum,0schoharint'),
967 3915 1036 3974 153.
1059 3915 1227 3992 Sequuntur
1245 3913 1498 3975 Arauaamrcarms
1521 3913 1634 3972 schoeni
1658 3935 1707 3988 27,

94 4027 229 4070 auctores
253 4012 357 4070 AEthici
387 4011 425 4070 ab
447 4013 559 4070 oriente
594 4011 881 4069 determinarent-
923 4015 975 4090 qui
989 4012 1128 4071 metiendi
1147 4025 1214 4072 sunt
1228 4013 1335 4087 invia,
1352 4033 1411 4090 qua
1431 4031 1535 4070 versus
1554 4013 1711 4070 Scheraclrr

95 4108 181 4186 Apud
193 4108 383 4166 Ptolemaeum
404 4120 515 4165 montes
540 4106 591 4184 qui
611 4127 630 4164 a
643 4107 761 4165 Parthia
782 4107 881 4164 orien·
923 4127 1006 4186 opp„
1018 4121 1047 4166 et
1060 4107 1129 4166 hine
1145 4107 1375 4166 adMeroatclmk
1388 4093 1450 4166 sire
1464 4107 1703 4184 Merwradproli·

95 4216 151 4260 tem
165 4203 359 4261 versusinter
369 4202 470 4260 llriam
481 4200 697 4277 etldargianam
707 4214 878 4278 excurrunt,
919 4204 1077 4262 ciscuntur.
1087 4203 1212 4275 Eadem,
1225 4215 1257 4260 ut
1270 4202 1396 4274 ridetur,
1412 4205 1492 4277 regio
1506 4200 1584 4278 apud
1598 4200 1707 4259 llosem

94 4299 233 4356 dicuntur
244 4295 352 4377 Xdptpa
363 4296 423 4376 ὅρη,
438 4297 490 4374 qui
504 4315 606 4356 versus
617 4297 770 4355 meridiem
781 4298 880 4356 briam
926 4297 1141 4357 Chorenensem
1161 4301 1284 4376 (Geogr.
1297 4319 1326 4377 p.
1348 4299 1404 4356 365
1421 4297 1612 4356 ed.Whiston.
1626 4292 1635 4375 )
1658 4317 1708 4354 ro·

96 4393 246 4452 aPartbia
269 4391 403 4452 dividere
416 4390 599 4471 perhibetur,
620 4391 803 4472 Maedoperhr
823 4391 882 4472 ὄρος
926 4406 1009 4452 catur
1020 4395 1225 4469 Apacirrlmria‚
1243 4413 1329 4471 quam
1345 4393 1382 4452 ab
1397 4393 1467 4451 Aria
1481 4390 1708 4469 septentrionem

94 4489 168 4566 (Vl,
185 4489 204 4546 5
230 4509 262 4567 p.
288 4490 366 4566 399)
389 4486 576 4567 vocatur(*'].
599 4486 750 4546 Posterius
776 4506 882 4546 nomen
925 4509 1030 4550 versus
1042 4491 1127 4549 sitam
1141 4491 1230 4562 dioit;
1245 4509 1350 4549 nomen
1361 4508 1433 4548 vero
1447 4507 1464 4546 e
1476 4486 1710 4564 linguaZendica

120 4611 155 4673 (⁶)
166 4609 286 4661 Portaso's
303 4609 456 4659 oximae
473 4622 587 4658 nomena
602 4607 690 4668 turm,
707 4622 781 4670 quem
798 4610 896 4661 &ham
907 4611 996 4663 Strabo
1010 4611 1078 4675 dicit,
1094 4613 1194 4662 ductum
1209 4617 1254 4663 est.
1270 4614 1349 4663 tiaris
1359 4613 1474 4672 unquam
1489 4611 1578 4660 montis
1590 4610 1710 4661 armentar

88 4694 204 4731 morene
215 4680 359 4742 iosephoet
369 4681 467 4728 ttioolao
476 4683 546 4728 uam.
558 4681 644 4728 sotum
656 4681 702 4728 est.
713 4684 758 4742 tp.
769 4680 924 4730 Ptolemaeum
935 4685 979 4742 vt,
994 4689 1020 4734 17
1034 4696 1058 4746 p.
1072 4687 1118 4734 tta
1130 4684 1155 4734 in
1165 4683 1223 4734 tria
1232 4685 1315 4732 tenent
1325 4683 1356 4732 τὰ
1367 4682 1431 4744 παρὰ
1445 4680 1499 4738 τοὺς
1514 4679 1710 4744 Παροπανισάδας

90 4755 222 4814 namma,
236 4753 277 4813 ὑφ’
287 4752 329 4806 οὓς
343 4745 457 4812 ’osaea

120 4824 166 4883 (⁰)
175 4821 271 4881 ΟΜ
282 4821 429 4871 ΡῑθΙθΜΰῦ
441 4823 483 4880 vl,
500 4824 527 4870 17
538 4832 563 4882 u.
573 4823 620 4870 tas
634 4819 809 4882 Μασόωραναὺς
818 4825 913 4882 gentem
923 4824 947 4873 in
961 4823 1017 4873 Aria
1028 4823 1058 4873 ad
1070 4823 1172 4874 ooutnia
1189 4823 1295 4874 Parthia
1313 4825 1338 4872 et
1354 4821 1488 4872 carmania
1501 4821 1604 4870 deserta·
1615 4831 1709 4867 memo·

89 4897 135 4952 rat,
156 4891 183 4941 id
194 4905 284 4941 censeo
293 4892 381 4940 eodem
395 4903 475 4940 errore
488 4890 554 4952 troi,
571 4903 622 4953 quo
634 4891 680 4940 alia
694 4891 746 4940 loca
760 4892 785 4940 in
801 4893 951 4944 meridionali
965 4897 1042 4944 tractu
1055 4895 1143 4946 veteris
1160 4895 1301 4958 Pompeia
1318 4893 1449 4956 provincie
1461 4893 1539 4956 posita
1549 4889 1663 4940 nertstert
1678 4889 1710 4938 sil

89 4962 255 5012 meridionalia
267 4963 323 5024 eius
334 4961 451 5022 Parthie,
462 4975 517 5023 quic
534 4975 610 5023 usque
625 4960 657 5010 ad
670 4961 821 5012 cannauiam
830 4961 950 5014 desertam
963 4963 1110 5014 extenditur.

120 5033 181 5093 (”’)
193 5034 282 5082 Lassen
295 5031 311 5080 l.
323 5033 339 5080 l.
352 5044 377 5092 p.
389 5034 453 5079 ite:
466 5049 479 5073 α
492 5030 635 5080 wirtnden
643 5031 694 5080 also
706 5031 744 5081 bei
754 5032 838 5094 isidor,
848 5035 938 5086 Plinius
954 5035 1003 5084 und
1014 5029 1316 5100 Ptolemieusdenltamen
1327 5031 1460 5094 Parthyene
1472 5029 1510 5080 itu
1526 5029 1579 5078 elne
1594 5025 1710 5090 Provlm,

90 5099 158 5151 deren
169 5099 421 5165 ltaupthastandttreil
432 5099 497 5161 (imo
509 5115 516 5149 ε
530 5101 609 5151 deren
619 5101 816 5163 Bestondtheii,·
828 5115 886 5153 nam
898 5103 960 5152 ultra
971 5103 1030 5152 nillil
1046 5093 1176 5165 pratiatur)
1187 5094 1230 5170 dab
1241 5099 1307 5150 Laod
1323 5101 1408 5151 Nesaea
1424 5113 1483 5158 war,
1493 5098 1516 5146 in
1526 5096 1600 5146 deren
1614 5097 1710 5157 llaupt·

89 5172 151 5220 stadt
161 5172 201 5222 dte
210 5171 346 5222 Arsaciden
365 5171 418 5220 ilire
430 5167 612 5232 Ktoigsgrmher
624 5171 713 5220 tritten.
726 5172 819 5222 Plinius
829 5174 880 5223 und
893 5174 1039 5224 Ptolemaeus
1052 5163 1235 5240 unteriolieiden
1248 5183 1275 5221 es
1288 5171 1342 5220 selu
1358 5170 1482 5219 bestimmt
1496 5178 1543 5216 rou
1560 5165 1710 5224 Petilianis

90 5241 156 5288 eirico
167 5241 236 5290 ttreii
249 5241 297 5290 des
307 5244 425 5301 (tamem
434 5240 479 5290 das
488 5242 606 5290 Parthina
616 5243 754 5292 emeliam
762 5245 798 5292 sie
806 5245 868 5293 eheu
881 5257 909 5293 so
919 5243 999 5305 wenig
1012 5243 1058 5292 wie
1070 5243 1147 5291 isidor
1160 5242 1225 5303 (imo
1238 5241 1328 5291 Plinius
1340 5241 1357 5290 l.
1371 5239 1386 5288 l.
1399 5252 1447 5289 aec.
1460 5239 1523 5302 opit.
1536 5235 1606 5286 mot.
1617 5249 1709 5286 memo·

92 5313 127 5360 rat
143 5313 305 5374 Pmdriaam,
317 5316 344 5362 et
355 5311 478 5362 ineodem
494 5313 572 5375 capite
582 5313 667 5363 eodem
677 5325 749 5363 sensu
762 5315 924 5377 Parthyenes
938 5317 1067 5376 teotonem
1079 5313 1216 5368 it'isiamn,¹
1229 5311 1314 5362 eodem
1335 5307 1408 5359 motio
1425 5305 1709 5360 sutentationem
