3950 5925
204 401 262 453 aaa
672 346 855 448 anonim
879 384 1074 466 (anniani,
1098 384 1345 463 urrunnun)
1514 431 1517 435 .
1746 382 1829 463 (aa)

243 542 267 584 κ.
283 520 390 583 Τούτων
405 522 435 579 ἐκ
449 519 496 597 μὲν
519 520 571 577 τῶν
586 516 673 588 δεξιῶν
688 518 742 577 ἀπὸ
761 516 886 598 Βερνίκης
900 541 986 577 σονα-
1068 544 1096 581 κ.
1114 525 1190 579 llisa
1209 526 1310 579 dextris
1322 534 1382 596 post
1395 522 1539 580 Βετουίαιι
1549 524 1674 593 ocnngun
1691 534 1730 577 eat
1747 524 1832 593 regio

203 610 254 689 φής
267 612 336 669 ίστιν
347 613 365 680 ἡ
377 606 529 687 Βαρόαρικί,
539 605 625 687 χώρα.
671 605 838 666 Kallatiai
853 605 986 686 μίνπαρθ
1032 613 1182 667 Barbarion.
1219 611 1252 670 Et
1271 610 1404 664 maritima
1424 608 1534 679 quidem
1557 620 1621 662 aunt
1642 608 1835 681 Ichthyopha·.

203 699 338 756 θάλασσαν
348 696 524 777 Ἰχθυοφάγων
538 695 590 773 [όν]
601 692 727 773 μάνδραις
736 694 948 774 ᾠκοδομημέναις
960 696 987 752 ἐν
1031 717 1137 769 goram,
1153 700 1200 770 qui
1216 698 1244 750 in
1255 697 1369 767 tuguriis
1380 713 1429 768 per
1440 694 1701 764 laucium'angnstias
1714 697 1831 749 structis

204 784 353 861 στενιίνμασι
380 782 514 863 σποράδην
538 782 719 854 διοικούντων,
744 780 779 838 νδ
808 778 836 839 dl
862 781 986 858 μεσόγεια
1031 787 1143 858 sparsim
1153 784 1290 849 hahitant;
1305 781 1498 836 mediterranea
1511 780 1718 834 autmallarbari
1730 792 1831 835 tanam

177 893 191 932 ο
204 870 351 953 Βαρόάρων
362 871 408 931 καί
421 873 474 929 τῶν
487 872 545 946 μετ’
562 868 655 937 αὐτοὺς
666 868 845 951 Ἀγριοριίχων
862 867 909 928 καί
923 870 986 929 Μυ·
1030 874 1114 944 etqui
1125 883 1238 945 posteos
1249 881 1398 943 οσηαιιιιυιι·
1411 870 1572 941 Agriophagi
1585 868 1828 941 etlllosclaophagi,

203 958 345 1040 σχσράγων
366 957 436 1017 κατὰ
460 957 600 1037 τυραννίδα
613 958 782 1035 νεμομένων,
804 946 842 1023 οἷς
856 954 987 1015 ἐπίκειται
1031 960 1082 1013 sub
1103 970 1279 1032 tyrannorum
1297 957 1394 1029 singuli
1407 957 1527 1029 imperiis
1547 956 1673 1023 visonta,
1692 958 1793 1028 quibus
1810 975 1830 1010 a

202 1046 273 1107 κατδ
283 1046 366 1107 νώτου
379 1045 511 1123 μεσόγειος
525 1044 579 1105 ἀπὸ
589 1048 640 1105 τῶν
651 1044 716 1124 πρὸς
730 1045 802 1104 δόσιν
816 1047 903 1125 μερῶν
914 1044 987 1123 [μη-
1032 1059 1106 1117 tergo
1117 1048 1166 1101 sita
1181 1045 1425 1100 eat-mediterranea
1435 1044 1470 1099 ab
1479 1058 1574 1098 occasa
1587 1044 1764 1117 [mermpalin
1776 1043 1830 1097 cui

202 1133 324 1215 τρόπολις
337 1134 464 1212 λεγομίνη
478 1128 600 1216 Μερόη]
1032 1134 1250 1203 manseron]

243 1240 267 1282 a.
286 1220 403 1297 Μετδιδθ
415 1219 474 1288 τοὺς
488 1218 681 1300 Μοσχοράγονς
695 1218 739 1279 tul
752 1218 886 1291 θαλάσσης
896 1215 988 1297 μικρὸν
1070 1219 1097 1272 3.
1116 1221 1179 1273 Post
1188 1217 1399 1294 Moeoqumagos
1408 1215 1487 1290 juxta
1499 1227 1574 1270 ποντα
1585 1232 1699 1287 parvum
1710 1225 1751 1269 eat
1764 1232 1827 1269 aaa·

165 1320 190 1363 ¹⁰
205 1307 329 1389 ίμπόριόν
340 1310 421 1383 ίστιν,
431 1306 553 1388 ἀπέχον*
566 1307 596 1366 εδ
605 1306 686 1386 πόροις
697 1311 744 1378 τῆς
755 1308 915 1383 ἀνακομιδῆς
926 1328 987 1364 στα-
1033 1308 1140 1379 porium
1155 1306 1255 1373 dbtans
1264 1325 1280 1361 a
1288 1306 1408 1365 Βεκεκὶσε
1417 1316 1546 1377 quattuor
1560 1303 1616 1357 l'ere
1628 1303 1708 1357 millia
1721 1303 1827 1358 stadio·

204 1394 273 1461 δίσυς
287 1392 349 1475 περί
369 1416 415 1453 τετ
432 1394 604 1473 ακιςχιλίους,
627 1390 779 1471 Πτολεμαῒς
798 1398 815 1464 ἡ
834 1397 885 1451 τῶν
901 1396 987 1472 θηρῶν
1033 1410 1104 1458 rum,
1120 1392 1261 1448 Ptolemais
1278 1392 1458 1445 venationum
1474 1408 1534 1462 quae
1546 1400 1667 1456 vocatur,
1685 1389 1758 1443 unde
1770 1389 1828 1443 sula

204 1479 343 1560 λιγομίνη,
353 1482 398 1563 ἀρ’
410 1417 442 1554 ῶς
456 1484 480 1541 ol
492 1480 535 1541 ίπί
550 1482 724 1560 Πτολεμαίων
736 1484 787 1540 τῶν
797 1478 926 1561 βασιλέων
939 1484 986 1552 θη·
1032 1477 1178 1532 Ρῑοίειιιιτίε
1186 1476 1292 1548 regibus
1302 1486 1439 1530 venatores
1449 1475 1614 1533 ininteriora
1620 1474 1828 1549 proficisceban-

239 1696 298 1761 Sn.
326 1692 465 1764 συναρής
494 1691 621 1759 ἐστινὴ
646 1688 831 1763 Βαρόυιρικὴ
852 1692 863 1763 ]
885 1688 992 1763 συναρὴς
1034 1686 1162 1755 residem,
1176 1684 1831 1758 (ἴσωνίινείνεωόίνθεσμοςβαοιλεθςίίοωὶω

204 1770 220 1839 ἡ
237 1769 387 1842 Τισηόαριτὴ
401 1770 495 1825 codex.
511 1776 548 1827 At
561 1790 641 1825 nemo
653 1770 709 1841 ejus
727 1771 842 1825 nominis
855 1771 991 1840 regionem
1034 1778 1062 1821 et
1073 1767 1184 1821 Sabaitae
1197 1766 1322 1837 regionis.
1338 1765 1398 1835 §31
1412 1766 1512 1820 Azania
1524 1762 1641 1836 subjecta
1653 1784 1710 1821 ease
1724 1768 1828 1825 dieitur

203 1850 363 1922 populumve
372 1860 512 1905 memorat.
521 1850 561 1903 Ne
569 1860 644 1921 putes
652 1851 748 1919 signari
758 1850 892 1919 regionem
905 1848 992 1902 Adie-
1034 1844 1172 1916 Χαριόαῆλι
1193 1844 1235 1898 καὶ
1250 1848 1288 1915 τῷ
1305 1843 1450 1917 λίαραρείτῃ
1463 1845 1589 1917 τυράννῳ,
1601 1844 1639 1899 ita
1651 1844 1778 1901 nimirum
1791 1860 1827 1903 ut

203 1928 535 2000 tamonqaospteriqoe
544 1927 880 2001 Megabarosdireaunt(r.
890 1927 991 1981 Plinius
1034 1921 1824 1994 (lauihaelisnomineaClaolaebotynnnoadrninista-aretur,

204 2008 681 2080 u1,ss‚suau0p.7aa,n0nm.),
696 2006 991 2079 praesentaneam
1034 2002 1108 2074 qaod
1119 2003 1203 2076 uque
1216 2005 1276 2071 ext
1290 2006 1333 2066 ιο.
1350 2002 1398 2057 νίν
1410 2019 1418 2055 =
1432 2000 1665 2074 nemausen
1676 2005 1775 2058 κατότι
1786 2007 1826 2059 u·

203 2087 384 2160 popullpnope
390 2089 508 2141 Meroen.
519 2085 988 2156 Vincentusltimraercaandannig.
1034 2100 1104 2136 καιον
1119 2081 1226 2154 ἀρχαῖον
1237 2081 1419 2136 amrinum
1436 2086 1468 2155 τῇ
1486 2080 1599 2153 βασιλείᾳ
1609 2084 1653 2149 τῆς
1665 2085 1762 2153 πρώτης
1779 2084 1825 2140 λι-

206 2184 234 2221 ικ
246 2167 288 2219 tha
297 2164 397 2220 Irtdt'an
406 2184 495 2231 ocean,
506 2176 572 2220 tum.
584 2168 622 2231 11,
637 2183 664 2237 p.
675 2167 709 2235 89
720 2167 731 2235 )
743 2164 842 2219 codicis
862 2163 991 2218 tumbula
1034 2163 1140 2233 γομένης
1152 2160 1445 2233 Ἆραόίαςθίόαραρείτης
1453 2161 1579 2233 τθραννος.
1587 2160 1823 2219 Nostrolomnnm

202 2244 314 2299 indicari
324 2255 400 2316 putat
415 2244 539 2298 Ιιωκίίειιι
550 2254 664 2299 tractum
677 2244 819 2310 literalem,
833 2261 913 2315 quern
932 2242 992 2297 Iah-
1034 2239 1187 2312 tyrannides
1198 2243 1239 2295 sui
1249 2258 1358 2313 prorsam
1364 2238 1444 2311 juris,
1454 2259 1489 2294 an
1499 2241 1632 2295 Μειοειιεί
1639 2241 1751 2314 imperio
1760 2244 1825 2299 σαί)-

202 2320 347 2397 thyophagi
360 2325 504 2388 tenuerint,
512 2322 648 2394 ejusmodi
666 2341 729 2377 usus
741 2322 966 2393 argumentatione
982 2340 988 2377 :
1034 2320 1097 2374 ditas
1105 2319 1279 2391 intelligenda
1289 2321 1354 2386 sint,
1362 2320 1559 2392 pammliquet.
1571 2321 1582 2389 ΙΙ
1592 2350 1629 2363 -
1639 2338 1665 2391 7.
1678 2326 1740 2375 τῶν
1750 2324 1824 2395 πρὸς

207 2428 219 2451 ι
237 2402 520 2473 Τιά-υ-ίιατίθ,ἰιιηωίῑ,
531 2401 992 2474 issaidbndpt.Franltlin‚author
1035 2400 1123 2460 δόσιν
1145 2401 1271 2472 μερῶν]
1282 2400 1330 2453 Βία
1349 2400 1379 2453 in
1398 2398 1490 2454 codice
1508 2399 1644 2453 adduntur
1662 2420 1706 2468 σης
1722 2404 1822 2475 μικρὸν,

203 2480 236 2536 ol
244 2493 335 2536 atour
347 2482 376 2535 in
387 2482 491 2546 Persia,
507 2480 792 2535 telestillalamlliar
801 2481 896 2553 phrase
907 2482 935 2533 in
946 2481 993 2535 the
1035 2495 1095 2549 quaa
1115 2496 1150 2533 ex
1175 2478 1243 2533 linea
1265 2496 1320 2549 seq.
1344 2479 1398 2533 lane
1429 2478 1595 2532 aberrarunt.
1618 2478 1724 2534 Excidit
1745 2483 1825 2537 urbis

201 2560 295 2615 Persiu
306 2559 348 2614 l'or
359 2560 441 2633 σλσσρ
451 2559 506 2613 and
526 2560 594 2613 itin.
606 2562 632 2613 lt
649 2560 702 2613 will
715 2560 770 2613 also
783 2559 847 2613 bear
858 2559 904 2612 the
916 2577 992 2613 sense
1035 2558 1091 2610 sive
1109 2558 1284 2628 μητροπόλεως
1295 2559 1406 2620 mentio,
1419 2558 1518 2629 Μερόης
1528 2576 1566 2611 ae.
1577 2597 1587 2624 ,
1597 2568 1710 2612 utaecte
1728 2562 1823 2632 proed

202 2640 235 2695 ol
243 2642 291 2695 ίοιυ
301 2640 423 2711 nndflot.
436 2666 448 2688 ν
460 2640 583 2695 Stuclaius
594 2657 644 2711 pro
657 2637 674 2706 i]
687 2636 836 2711 Τισηόαρικὴ
851 2639 900 2709 legi
910 2638 993 2693 voluit
1035 2635 1120 2691 dubio
1138 2634 1244 2691 monuit
1263 2636 1458 2703 Schwanbeck,
1479 2655 1508 2708 p.
1532 2639 1595 2701 482.
1616 2635 1659 2691 Cf.
1676 2638 1740 2706 §³8
1752 2655 1760 2693 ι
1775 2641 1825 2697 Καὶ

202 2720 269 2793 ἡγῇ’
288 2717 578 2792 Ἆραόικὴ,οουίευευε,
600 2720 757 2790 nescioquo
772 2718 892 2783 consilio,
914 2718 993 2773 verba
1035 2714 1098 2769 κατὰ
1114 2717 1193 2770 νώτου
1208 2716 1336 2789 μεσόγειος
1354 2714 1372 2784 η
1394 2715 1544 2790 μητρόπολις
1562 2715 1637 2784 altis
1658 2720 1703 2785 τῆς
1721 2718 1824 2784 Σκυθίας

203 2802 263 2868 §19
280 2816 287 2852 :
303 2796 389 2861 εθθίως
399 2796 451 2852 ἐστὶ
460 2794 566 2869 αυναρὴς
577 2794 688 2868 lipsind
700 2800 781 2867 χώρα.
795 2797 889 2851 Nullus
897 2796 993 2851 dubito
1035 2796 1175 2869 λίινναγάρ.

202 2879 350 2949 quinreate
363 2876 492 2946 vulgatam
511 2877 678 2931 mutaverim.
691 2875 827 2931 Iudicatur
840 2878 913 2947 regio
927 2878 991 2931 Bar-
1071 2877 1131 2945 53.
1156 2874 1276 2947 ἀπέχον
1296 2875 1335 2929 τθ
1358 2876 1450 2947 πέρας
1472 2878 1527 2942 τῆς
1550 2874 1765 2950 ἀνακομιδῆς]
1779 2879 1823 2934 Sic

202 2957 329 3013 θαιοιτιιιι
338 2975 385 3012 εσυ
395 2956 581 3023 Βετίιεινιτυαι,
593 2957 677 3027 gentis
690 2955 741 3011 late
753 2974 801 3028 per
811 2954 928 3011 Altioam
938 2954 993 3010 dis·
1035 2954 1120 3010 codex
1133 2967 1268 3028 conupto.
1288 2954 1378 3010 Stadia
1397 2959 1469 3020 όοοο
1480 2966 1543 3009 sunt
1555 2956 1658 3010 itinmia
1670 2975 1686 3011 a
1698 2956 1824 3012 Boenioe

202 3037 346 3102 seminata,
359 3053 440 3108 quam
450 3037 501 3090 nisi
512 3036 563 3092 hoc
576 3036 635 3090 loco
647 3045 740 3090 auotm
750 3045 991 3102 commemorasset,
1035 3034 1070 3088 ad
1079 3034 1281 3100 Ptolemaidem
1291 3035 1362 3089 laanc
1373 3036 1455 3100 enim,
1466 3052 1522 3088 non
1531 3034 1620 3100 aliam,
1628 3038 1715 3090 nomri
1725 3036 1824 3092 duan·

203 3115 291 3170 dicare
305 3117 483 3187 nonpotuits
496 3114 510 3168 5
525 3112 658 3183 :latta
672 3115 805 3187 Βαρόαρία.
820 3115 831 3184 Ι]
847 3131 922 3168 -2.
936 3115 993 3168 llal
1036 3113 1101 3167 tiam
1115 3124 1321 3168 consentaneam
1335 3123 1385 3179 eat,
1398 3131 1531 3186 acreapae
1549 3115 1823 3178 daoostadiainaam

204 3190 217 3244 ἔ
223 3211 258 3245 στ
268 3194 295 3264 ι]
309 3192 356 3246 ίίαλ
376 3191 431 3246 huc
444 3194 592 3265 transposui
610 3211 643 3248 ex
663 3211 749 3266 seqq,
761 3192 808 3246 ubi
821 3191 916 3262 hgitur
930 3205 992 3248 anta
1035 3194 1169 3262 regionem
1179 3192 1291 3259 ducunt,
1304 3194 1332 3246 in
1343 3211 1396 3265 qua
1406 3191 1594 3248 Ptolemaidem
1604 3194 1756 3266 ponendam
1767 3215 1825 3250 ease

205 3289 297 3326 vocent
309 3273 443 3344 σποράδην.
457 3270 548 3326 Codex
560 3273 596 3326 ita
608 3289 639 3326 z..
653 3275 726 3344 χώρα
735 3271 810 3326 ἐστίν·
829 3271 861 3326 τὰ
877 3271 920 3342 μὲν
932 3272 988 3326 κτλ.
1035 3269 1143 3328 aliunde
1151 3271 1281 3342 colligitur
1291 3272 1301 3344 (
1311 3291 1338 3327 ν.
1351 3282 1410 3326 not.
1421 3270 1457 3325 ad
1469 3272 1628 3342 Agatharch.
1641 3291 1670 3346 ρ.
1685 3278 1762 3346 ιρι).
1772 3275 1824 3329 Vel

207 3350 217 3420 ΙΙ
233 3381 270 3392 -
285 3351 311 3404 3.
330 3350 356 3404 ἐν
379 3351 509 3423 supplevit
530 3350 709 3406 Schwanbeck
723 3351 742 3405 l.
761 3351 780 3404 1.
797 3368 826 3422 p.
847 3353 911 3414 όθό.
928 3351 941 3421 ι]
955 3381 992 3394 -
1034 3362 1175 3422 propterea
1185 3351 1262 3404 nilaili
1274 3351 1343 3406 soret
1355 3350 1506 3422 mulcatum
1519 3368 1526 3405 ε
1538 3350 1633 3423 ἀνέχον
1644 3357 1689 3420 τῆς
1697 3356 1771 3426 κόραν
1779 3359 1825 3423 τῆς

205 3435 232 3495 lt·
245 3431 371 3485 θιοικοιί
380 3432 479 3502 ντων]
496 3429 523 3484 dl
541 3429 669 3485 οίκοθνταί
679 3429 778 3496 codex3
798 3448 851 3484 em.
868 3429 992 3486 &lauan-
1036 3427 1192 3497 ἀνατολικῆς.
1207 3432 1239 3483 ln
1251 3440 1379 3502 promptu
1391 3448 1448 3484 essa
1460 3429 1598 3485 videltatur
1610 3432 1758 3504 conjicere:
1772 3439 1824 3488 τῶν

203 3507 279 3562 beck.
293 3511 333 3562 De
350 3527 380 3562 re
390 3509 489 3562 mutus
500 3519 540 3562 ast
550 3508 781 3578 Agatharchidess
798 3508 830 3561 31
848 3526 905 3580 sqq.
926 3509 936 3578 ]]
955 3540 992 3552 -
1034 3509 1109 3579 πίραν
1119 3512 1163 3576 τῆς
1173 3508 1323 3581 ἀνακομιδῆς
1333 3509 1373 3564 vel
1382 3513 1428 3577 τῆς
1434 3511 1565 3581 τῶνκίραν
1575 3507 1734 3584 ἀνακομιδῆς,
1748 3513 1824 3584 quod

205 3587 230 3640 5.
256 3585 493 3657 ’λγριοριίγωη
508 3587 631 3640 Meminit
643 3588 737 3654 gentis,
752 3585 869 3639 sedulius
879 3587 904 3639 ei
918 3586 992 3641 sedes
1035 3605 1121 3659 nuper
1134 3590 1212 3642 etiam
1232 3587 1434 3659 aBernlaatdyo
1453 3589 1605 3661 probatum,
1623 3592 1771 3645 Vincentus
1783 3595 1821 3658 11,

204 3665 318 3734 assignat
326 3665 421 3718 Dalion
430 3681 474 3735 ap.
485 3663 555 3718 Plio.
569 3666 620 3729 Vl,
633 3665 667 3718 35
676 3681 704 3736 p.
716 3668 770 3735 θρα
782 3664 863 3734 Sillig.
878 3665 992 3732 :Agrio-
1034 3684 1064 3738 p.
1076 3672 1112 3737 ql,
1122 3667 1177 3722 dici
1188 3678 1278 3722 oens&
1290 3686 1341 3739 pro
1354 3666 1403 3721 ἀπὸ
1415 3669 1552 3740 Βερενίκης,
1569 3671 1668 3742 quippe
1676 3689 1735 3741 quae
1743 3671 1824 3727 luerit

202 3741 286 3817 pingi
290 3741 480 3816 pantherarum
491 3742 624 3798 etiannum
639 3742 753 3796 maxima
763 3761 841 3796 carne
850 3755 989 3797 vascentes.
1035 3744 1185 3818 ἀποκομιδὴ,
1196 3749 1215 3801 i.
1223 3765 1248 3800 e.
1257 3757 1352 3819 porum
1359 3746 1504 3802 destinatus
1513 3748 1668 3820 nedpiendis
1677 3750 1821 3819 importan-

204 3817 246 3873 Cs.
261 3819 417 3892 Ἄγριοιείνε
425 3820 619 3892 ίίυναμόληοιαι
630 3819 775 3891 ίίρεωράηοι
783 3838 827 3892 ap.
842 3821 992 3875 Artemido-
1034 3823 1108 3878 disne
1120 3828 1174 3888 τοῖς
1184 3828 1269 3897 πέραν.
1284 3827 1303 3879 i.
1316 3845 1342 3880 c.
1355 3828 1497 3892 mercibus,
1511 3844 1596 3904 quase
1609 3827 1672 3880 loeis
1681 3827 1749 3880 ultra
1761 3827 1819 3881 sau·

203 3915 264 3952 rum
279 3900 306 3954 in
315 3901 439 3955 Sambon
449 3918 478 3971 p.
493 3917 556 3970 771.
567 3900 714 3954 Vincentus
725 3897 759 3952 de
767 3899 863 3972 Peripli
879 3899 937 3954 loeo
955 3902 992 3955 ite
1034 3922 1078 3957 cea
1090 3898 1283 3960 sin-‘Arabici
1298 3906 1355 3959 sitis
1363 3903 1570 3962 minabantur.
1583 3905 1684 3959 Athea
1693 3905 1722 3958 in
1730 3907 1821 3977 Myos-

203 3975 321 4049 loqnitur
331 3980 405 4049 quasi
414 3996 465 4050 pro
476 3976 643 4050 ’λγριορόηων
657 3977 785 4048 legeretur
799 3977 989 4050 Ἆκριθοράηων,
1035 3982 1162 4038 horarum
1171 3977 1232 4038 'non
1251 3984 1341 4037 minus
1358 4001 1438 4055 quam
1452 3985 1482 4038 in
1493 3985 1635 4038 Βστουὶοω
1647 3982 1819 4054 quadrarent,

203 4055 345 4129 dequibus
357 4076 383 4112 ν.
402 4057 591 4130 Agatharchid.
604 4057 673 4126 558.
691 4058 703 4127 1]
719 4087 755 4098 -
767 4056 793 4112 5.
807 4057 991 4129 ίίίοαχορά·
1034 4062 1288 4116 είαίῐσειαῑωεωοαῑ
1297 4063 1473 4130 obscuritatis,
1483 4074 1531 4117 eta
1543 4061 1759 4134 grocoloquendi
1769 4081 1822 4118 usu

205 4154 251 4205 γυ
262 4156 275 4188 ν
287 4139 297 4208 ]
316 4136 504 4208 Moschoplaagi
523 4135 575 4191 hoc
588 4146 658 4190 neate
669 4137 777 4190 nomine
787 4136 848 4189 alibi
860 4155 991 4208 nusquam
1034 4141 1187 4207 abhorream
1207 4159 1270 4196 nam
1281 4159 1369 4213 neque
1386 4141 1524 4214 ἀνακομιδὴ
1544 4142 1643 4201 dicitnr
1662 4159 1714 4214 pro
1730 4141 1820 4214 κομιδὴ

205 4225 395 4279 memorantur,
423 4225 552 4286 quantum
573 4214 665 4268 sciam.
688 4213 748 4268 Noli
768 4215 933 4286 interpretari
950 4217 992 4270 vi·
1035 4221 1242 4293 (inportatis),
1257 4221 1387 4292 ιιεηυετδι
1400 4223 1473 4293 πέραν
1487 4220 1667 4275 demontus
1679 4233 1821 4294 υειειηιιιιιτ

205 4290 270 4346 tulis
278 4305 408 4346 arescentes
416 4315 426 4356 ,-
435 4302 506 4358 sunt,
520 4293 626 4365 opinor,
641 4291 784 4364 Ῥιζοριίγοι
797 4293 838 4347 vel
849 4293 992 4368 Σπερματο-
1034 4298 1081 4352 sed
1090 4298 1124 4352 de
1132 4299 1209 4364 locis;
1220 4318 1319 4354 ινιετυεε
1331 4299 1451 4369 dicendas
1463 4311 1539 4354 erant
1549 4311 1596 4354 aut
1607 4299 1638 4354 πθ
1647 4301 1765 4372 reposui
1775 4313 1821 4356 aut

204 4370 280 4440 φόροι
293 4370 510 4440 Agatharchidis,
523 4373 570 4444 qui
587 4373 729 4426 teneriores
741 4373 865 4428 arborum
875 4375 992 4430 ramulos
1034 4379 1066 4433 τά
1077 4379 1105 4434 ἐκ
1114 4384 1159 4434 τοῦ
1169 4381 1254 4452 πέραν.
1264 4365 1433 4453 Quapropter
1444 4383 1550 4449 gravius
1560 4380 1637 4435 ιιίουα
1655 4399 1713 4434 εσσε
1730 4381 1818 4448 dehet,

204 4459 231 4501 et
242 4451 360 4518 germina
371 4452 426 4504 sive
439 4451 549 4522 μόσχους
570 4449 758 4518 comedebant;
771 4469 832 4506 nean
847 4453 939 4523 μόσχοι
952 4455 993 4507 di·
1034 4457 1108 4529 quod
1121 4477 1214 4512 sanare
1226 4477 1374 4530 manceps
1384 4470 1433 4513 eat.
1442 4461 1499 4513 Nisi
1519 4460 1613 4514 lacuna
1632 4460 1732 4526 subest,
1744 4461 1773 4514 in
1790 4461 1820 4514 τ“ο

204 4527 402 4582 σωαιατὰπαλολ
410 4529 549 4595 κλαδίσκοι,
558 4530 661 4601 νεόρυτα
671 4529 841 4602 βλαστήματα.
853 4532 888 4585 V.
899 4533 988 4606 steph.
1034 4539 1106 4609 νάρας
1114 4537 1219 4591 latuerit
1232 4537 1280 4592 ἀπὸ
1292 4539 1415 4609 Βερνίκης,
1426 4537 1517 4593 addito
1530 4541 1689 4609 cognomine
1697 4557 1752 4610 quo
1764 4540 1821 4593 heo

203 4605 284 4660 Thes.
298 4625 324 4659 v.
345 4607 450 4679 μόσχος,
470 4611 602 4680 μοσχεῖον,
625 4610 764 4680 μόσχευρα.
781 4610 791 4678 Ι]
808 4639 844 4650 -
864 4615 890 4664 6.
913 4613 992 4667 κατδι
1034 4617 1199 4671 Beaenioeab
1206 4617 1758 4688 altem,quamantcl’tolemnideml’linius
1766 4635 1821 4672 ma·

204 4687 387 4757 τυραννίδα
414 4691 596 4760 νεμομένων
607 4689 618 4762 ]
632 4691 756 4762 Tyranni.
764 4701 891 4744 vocantur
901 4693 992 4764 singu-
1034 4707 1130 4761 morat,
1140 4695 1356 4765 distingueretur.
1366 4699 1453 4750 Possis
1464 4714 1470 4749 ε
1482 4696 1531 4751 ἀπὸ
1541 4698 1655 4769 Βερνίκης
1665 4702 1709 4762 τῆς
1717 4696 1764 4750 tat
1773 4697 1821 4750 lio-

204 4763 292 4853 lorum
312 4765 431 4820 tribuum
451 4769 491 4822 νσί
505 4768 624 4823 locorum
641 4771 788 4842 principes,
809 4770 863 4823 sive
881 4773 921 4824 sui
938 4775 993 4827 sint
1034 4774 1133 4842 πτικὴν,
1143 4787 1198 4840 aut,
1210 4778 1231 4828 si
1243 4776 1335 4830 lacuna
1344 4777 1431 4830 locum
1438 4776 1571 4849 deturpat,
1581 4777 1674 4848 ἀκέχον
1688 4777 1821 4848 [Βερνίκης

201 4845 991 4924 turissiveexregealiquopendsant,quiiumetmpolime·
1034 4860 1077 4922 τῆς
1089 4855 1169 4926 κατὰ]
1182 4855 1212 4909 τὸ
1224 4857 1296 4926 πόροις
1304 4860 1348 4922 τῆς
1361 4857 1412 4909 ἀνω
1432 4858 1544 4928 κομιδῆς.
1558 4858 1616 4910 Hoc
1635 4856 1734 4910 malim.
1755 4857 1766 4924 l
1784 4885 1821 4896 —

205 4919 991 4998 ditemuealaabitarasolet.Cl.§14:Olllnatltnlaaatird-
1036 4951 1062 5003 7.
1084 4933 1114 4985 οί
1140 4933 1193 4987 ἐπὶ
1220 4933 1436 5005 Πτολεμαίων
1454 4940 1515 4988 τῶν
1535 4934 1644 5006 βασιλ.
1668 4935 1822 5004 θηρευταὶ

205 5017 259 5064 πός,
269 4998 469 5075 ἀλλά-τυράννοις
476 5003 544 5066 ἰδίοις
556 5005 620 5078 [τά]
629 5007 683 5060 καθ’
691 5007 794 5061 ἕκαστον
804 5007 919 5079 ἐμπόριον
930 5009 989 5062 διοι·
1036 5008 1125 5072 ἔντθς
1137 5010 1316 5083 ἀνέδησαν]
1332 5012 1423 5066 Codex
1437 5030 1443 5066 :
1460 5013 1484 5066 οί
1505 5011 1656 5068 ἐπιπτολόων
1670 5019 1708 5084 τῷ
1722 5013 1824 5083 βασιλεῖ’

206 5080 295 5133 κτίται.
308 5084 368 5150 §no
382 5081 566 5154 ιΣυνεχῶςθπθ
575 5090 624 5138 τῶν
634 5087 757 5156 τυράννων
767 5087 808 5140 καί
818 5087 938 5158 βασιλέων
948 5093 992 5157 τῆς
1035 5091 1188 5160 θηρευθέντες
1199 5089 1332 5158 ἐνέδησανς
1350 5091 1479 5146 editiones
1491 5093 1515 5147 οί
1529 5091 1569 5148 ἐπὶ
1582 5093 1744 5163 Πτολεμαίῳ,
1765 5109 1820 5146 ser·

210 5154 319 5228 ’λραόίας
336 5159 564 5232 αίχμαλωτίζονται
585 5163 628 5235 (ol
642 5163 849 5237 Κανραεῖται).ς
870 5183 904 5220 un
923 5167 993 5220 Cho-
1037 5172 1102 5221 vatis
1119 5169 1236 5240 reliquis.
1249 5169 1434 5241 Bernhardyus
1451 5171 1471 5224 l.
1484 5182 1501 5224 t.
1517 5196 1544 5243 p.
1560 5188 1605 5238 aa,
1625 5172 1675 5224 nisi
1690 5171 1758 5224 sorte
1768 5187 1820 5222 νοκ

207 5235 288 5292 labus
299 5249 337 5294 est
353 5241 536 5312 Mapliaritidis
550 5245 664 5314 regionis
675 5255 799 5315 tyrannus
809 5247 836 5300 in
848 5247 913 5300 Sava
927 5247 992 5301 urbe
1037 5245 1162 5316 ἐλέφαντες
1173 5261 1232 5318 post
1250 5249 1402 5319 θηρευθέντες
1420 5248 1557 5317 exciderit,
1574 5248 1653 5304 scrib.
1672 5248 1797 5320 proponit
1811 5264 1817 5299 :
