3950 5925
257 387 313 437 tlt
750 382 933 443 suouttttt
956 382 1083 460 (vuaso
1104 386 1247 449 SCYllNl
1269 388 1369 463 Cllll)
1771 395 1874 475 (2²,an

309 506 402 579 νήσους
414 505 469 587 ἔχει
481 512 537 573 ταῖς
551 508 685 567 Κυκλάσιν
698 511 907 590 ἔμφερεστᾶτας,

308 594 405 653 τούτων
418 595 445 653 δὲ
457 594 503 663 τθς
517 595 564 672 μίν
576 595 719 672 λεγομένας
728 596 882 679 Ἀψυρτίδας

310 681 481 763 Ἠλεκτρίδας
493 706 540 760 τε,
554 681 600 751 adt
613 682 641 741 δὲ
655 684 700 741 καί
713 686 878 764 Διθυρνίδας.

254 790 294 830 ars
308 770 362 830 Τὸν
373 769 470 829 κόλπον
483 772 615 849 ίστοροῶσι
629 771 672 829 τὸν
688 768 848 852 Ἀδριατικθν

307 858 359 916 τῶν
372 856 515 937 βαρθαίρων
526 857 626 929 πλῆθός
635 881 660 915 τι
670 864 809 939 περιοικεῖν
822 857 911 939 κύκλῳ

306 945 399 1003 ἑκατὸν
409 944 501 1023 σχεδὸν
514 945 623 1026 μυριάσι
632 946 794 1016 πεντήκοντά
804 972 831 1005 τε

307 1032 399 1114 χώραν
412 1034 521 1113 α’ρίσσην
533 1034 682 1111 νεμομένων
693 1035 738 1094 καὶ
750 1036 898 1115 καρπίμην·

306 1122 488 1198 διδυμηποκεῖν
497 1122 549 1202 γάρ
561 1145 625 1202 φασι
635 1122 681 1181 καλ
690 1122 722 1182 τδ
738 1122 889 1205 θρέμματα·

253 1228 294 1267 σου
307 1206 359 1285 ἀὴρ
370 1208 535 1267 διαλλάττων
546 1208 574 1267 δὲ
583 1206 658 1288 παρθ
668 1209 713 1268 τδν
728 1208 857 1271 Ποντικόν

306 1295 377 1355 leals
390 1296 456 1375 ὑπὲρ
469 1296 577 1377 αθτοθς,
588 1281 683 1377 καίπερ
693 1297 770 1365 ὄντας
786 1300 905 1373 πλησίον·

305 1386 334 1442 οὔ
348 1382 399 1463 γθρ
411 1384 553 1466 νιφετώδης
568 1385 624 1444 οὐδ’
635 1385 702 1464 ἄγαν
717 1386 878 1467 ἔψυγμίνος,

300 1469 381 1550 ’θγρθς
393 1471 420 1529 δὲ
431 1470 584 1529 παντάπασι
594 1470 636 1529 διὰ
648 1472 736 1540 τελους
748 1473 829 1549 με’νει·

306 1556 363 1625 dib<
377 1557 404 1616 dl
415 1557 572 1637 ταραχώδης
582 1583 609 1617 τε
620 1560 685 1639 πρὸς
696 1561 742 1628 τθς
755 1560 919 1636 μεταὸολᾶς,

252 1665 291 1703 εει
306 1645 423 1719 μάλιστα
432 1652 478 1705 τοῦ
488 1644 577 1726 θέρους
588 1646 632 1723 δὲ,
643 1648 802 1728 πρηστήρων
814 1673 842 1708 τε
852 1652 898 1708 καί

307 1731 387 1809 βολθς
398 1737 532 1813 κεραυνῶν
544 1733 605 1801 τούς
614 1757 642 1793 τε
654 1735 807 1812 λεγομένους
818 1734 874 1814 ἔχει

304 1822 433 1900 τυφῶνας.
449 1822 562 1881 Ἐνετῶν
574 1822 597 1879 δ’
609 1822 660 1881 είσί
669 1822 830 1888 πεντήκοντά
840 1846 891 1882 που

305 1907 393 1974 πόλεις
407 1910 433 1967 lv
448 1912 519 1989 αὐτῷ
531 1910 649 1987 κείμεναι
659 1909 724 1989 πρὸς
734 1913 771 1991 τῷ
782 1912 876 1990 μυχῷ,

304 1995 346 2062 ob<
357 1995 389 2066 δὴ
402 1998 533 2073 μετελθεῖν
543 2020 620 2076 φασιν
633 2001 663 2058 ἐκ
674 2002 721 2069 τῆς
737 1999 917 2079 Παφλαγόνων

250 2102 291 2143 σου
304 2082 393 2163 χώρας
404 2085 562 2155 κατοικῆσαί
571 2108 599 2143 τε
609 2084 670 2166 πιρλ
682 2085 726 2145 τὸν
736 2085 849 2165 Ἀδρίαν.

304 2170 419 2229 Ἐνετῶν
432 2170 538 2248 ἔχονται
549 2172 654 2253 Θρᾷκες
664 2170 765 2253 Ἷστροι
776 2173 923 2252 λεγόμενοι.

1086 526 1181 579 insulas
1193 526 1289 579 habeat
1299 524 1456 597 Cycladibus
1469 526 1626 593 simillimas.

1085 611 1178 664 harum
1190 622 1276 665 autem
1291 612 1352 665 alias
1365 610 1448 665 dictas
1460 614 1612 683 Apsyrtides

1085 697 1295 768 Electridesque,
1308 698 1370 751 alias
1381 698 1460 753 etiam
1472 700 1636 755 Liburnicas.

1084 786 1176 837 Sinum
1187 784 1352 837 Adriaticum
1366 783 1455 838 serunt

1084 872 1258 925 barbarorum
1270 870 1466 926 multitudinem
1478 861 1698 929 circumhabitare

1084 969 1190 1011 centum
1201 958 1254 1011 lere
1264 968 1290 1011 et
1299 960 1490 1030 quinquaginta
1501 958 1677 1030 myriadibus,

1084 1046 1218 1115 regionem
1230 1046 1357 1115 optimam
1370 1044 1513 1097 colentium
1526 1055 1553 1098 et
1567 1045 1745 1114 fructuosam

1084 1130 1206 1199 gemellos
1217 1132 1288 1183 enim
1303 1132 1485 1203 permetiens
1497 1148 1594 1202 pecora
1605 1135 1689 1187 aiunt.

1084 1223 1139 1273 Aer
1152 1230 1239 1273 autem
1251 1238 1267 1273 a
1277 1220 1387 1273 Pontico
1396 1218 1516 1273 diversus

1083 1308 1154 1377 apud
1167 1325 1212 1360 eos
1225 1315 1277 1370 ast,
1290 1307 1410 1376 qmmvis
1421 1307 1501 1359 vicini
1512 1310 1597 1361 Ponto
1611 1310 1673 1363 siut.

1083 1396 1143 1448 Non
1156 1396 1262 1448 nivosus
1272 1394 1343 1447 enim
1353 1410 1438 1465 neque
1448 1392 1527 1447 nimis
1538 1395 1663 1465 frigidus,

1083 1480 1129 1534 sed
1144 1480 1270 1533 humidus
1282 1480 1393 1533 omnino
1403 1496 1487 1551 usque
1499 1492 1603 1546 manety

1083 1568 1186 1621 subitus
1200 1585 1262 1619 vero
1275 1566 1495 1637 turbulentusque
1505 1567 1538 1619 ad
1551 1570 1723 1635 mutationes,

1083 1654 1227 1724 prasertim
1238 1662 1335 1717 astate,
1349 1662 1549 1724 prastenunque
1558 1665 1585 1707 et

1080 1738 1165 1810 jactus
1173 1739 1314 1793 fulminum
1332 1738 1470 1811 dictosque
1480 1739 1560 1793 habet

1083 1827 1220 1897 typhones.
1234 1828 1379 1879 Enetorum
1394 1844 1456 1879 raro
1469 1828 1658 1898 quinquaginta
1672 1826 1725 1881 sere

1083 1925 1144 1967 suut
1157 1912 1236 1967 urbes
1249 1914 1281 1967 ad
1294 1914 1363 1968 illius
1371 1915 1426 1967 sitm
1435 1915 1557 1967 intimum
1568 1933 1714 1981 recessum

1082 2019 1149 2072 quos
1167 2000 1302 2054 advenisse
1311 2001 1385 2053 aiunt
1394 2018 1427 2053 ex
1437 2000 1634 2071 Paphlagonum

1083 2091 1200 2159 regione,
1215 2088 1396 2159 habitasseque
1410 2088 1479 2141 circa
1490 2087 1610 2141 Adriam.

1082 2177 1173 2229 Enetis
1183 2174 1288 2227 finitimi
1302 2173 1486 2227 sunt'lhraoas
1501 2176 1561 2225 istri
1571 2173 1657 2239 dictiy'

1081 2262 1177 2331 quibus
1185 2259 1245 2313 duaa
1257 2258 1365 2330 objectae
1374 2269 1436 2311 suut
1447 2258 1547 2323 insule,

1081 2365 1140 2418 quaa
1151 2357 1274 2399 stannum
1287 2356 1415 2417 putantur
1425 2344 1493 2397 ferre
1504 2346 1643 2416 optimum.

302 2255 358 2317 Δθο
369 2256 399 2314 δὲ
409 2259 468 2316 κατ’
478 2259 571 2326 αὐτούς
584 2262 636 2317 slot
644 2263 720 2331 νῆσοι
730 2260 863 2337 κείμεναι,

298 2344 457 2424 κασσίτερον
468 2344 497 2403 al
508 2347 612 2406 δοκοῦσι
623 2346 763 2406 κάλλιστον
773 2348 868 2428 φέρειν.

253 2492 354 2501 ——a—

249 2567 399 2627 angustum,
417 2567 447 2609 ut
458 2576 490 2609 ex
505 2567 594 2609 monte
604 2557 720 2628 quodam
729 2568 872 2629 utrumque
887 2575 960 2611 mare
971 2575 1033 2629 pos·
1080 2573 1165 2627 neque
1188 2554 1401 2616 κατακολπίζοντα
1420 2553 1472 2607 dici
1490 2554 1651 2622 cogitaretis.
1664 2553 1675 2621 ΙΙ
1691 2580 1728 2593 -
1745 2553 1806 2622 37².
1822 2550 1865 2607 Cl.

250 2634 1033 2707 setconspici‚verbomonuitstrabol.l.(Theop.lr.1!.o).
1080 2635 1174 2689 Strabo
1199 2637 1270 2698 vn,
1287 2652 1315 2705 p.
1339 2635 1402 2703 307,
1421 2632 1466 2686 ubi
1490 2633 1678 2702 Theopompus
1694 2630 1793 2683 dicitur
1818 2638 1866 2684 τῶν

249 2712 379 2767 Disertius
390 2712 425 2765 de
435 2712 477 2766 his
488 2714 597 2783 exponit
611 2713 762 2766 Aristoteles
770 2715 834 2767 ldir.
851 2731 898 2768 111
913 2731 919 2766 :
932 2716 1035 2783 Λέγεται
1082 2714 1163 2781 νήσων
1176 2718 1224 2767 τῶν
1232 2712 1381 2784 Διθυρνίδων
1389 2716 1398 2779 [
1407 2714 1524 2764 τοσοῦτον
1539 2708 1604 2763 εἶναι
1615 2710 1644 2763 εδ
1654 2710 1757 2781 μέγεθος
1765 2713 1775 2777 ]
1783 2712 1866 2776 τιθεὶς,

249 2792 276 2845 δὲ
289 2791 378 2862 μεταξθ
393 2793 437 2857 τῆς
451 2790 603 2861 λίεντορικῆς
612 2790 654 2842 καλ
667 2794 711 2857 τῆς
724 2789 858 2861 Ἰστριανῆς
867 2794 923 2861 ὄρος
932 2812 955 2845 τι
969 2790 1035 2845 εἶναι
1079 2796 1143 2846 ὥστε
1155 2793 1245 2845 αθκλον
1261 2791 1328 2862 ἔχειν
1345 2792 1450 2844 σταδίων
1460 2791 1502 2842 καί
1520 2790 1696 2844 πεντακοσίων.
1708 2792 1748 2841 De
1759 2790 1868 2859 singulis

249 2871 278 2923 τθ
292 2871 444 2942 καλούμενον
458 2870 571 2940 mutor,
589 2868 649 2939 ἔχον
663 2870 740 2940 λόφον
758 2870 864 2942 θψηλόν·
887 2870 927 2924 ἐπὶ
947 2875 1035 2924 τοῦτον
1080 2873 1171 2926 insulis
1187 2871 1222 2925 σί.
1237 2870 1337 2942 Scylax.
1351 2873 1367 2938 ς
1379 2886 1423 2923 21.
1438 2871 1449 2938 ll
1461 2899 1497 2910 -
1509 2869 1571 2939 378.
1582 2870 1622 2921 De
1633 2868 1682 2921 soli
1694 2867 1825 2922 fertilitate
1838 2888 1864 2922 v.

248 2950 292 3002 τὸν
304 2949 449 3021 λίρονδταν
461 2947 624 3002 θναθαίνωσιν
637 2950 661 3003 ol
672 2951 794 3021 Μέντορες
801 2950 825 3004 ol
835 2950 875 3005 ἐπὶ
888 2955 931 3006 τοῦ
944 2950 1035 3023 λδρίου
1080 2952 1173 3006 δικαίου
1182 2970 1210 3024 p.
1228 2951 1289 3020 317.
1307 2951 1318 3020 ΙΙ
1330 2979 1366 2990 -
1378 2950 1438 3004 380.
1450 2948 1504 3020 περί
1513 2948 1566 3014 rba,
1577 2967 1640 3002 mox
1651 2947 1711 3001 ὄντα
1723 2958 1749 3000 et
1757 2951 1867 3018 νηρετείι·

249 3027 1036 3100 οἰκοῦντεςἇποθεωροῦσιν,θνςὲοικε,τθείςτδνΙΙόντονείσπλίον-
1080 3033 1123 3099 θης
1146 3031 1206 3084 ood.
1220 3031 1231 3099 ll
1242 3060 1279 3071 -
1290 3031 1352 3093 384.
1365 3028 1419 3092 dib(
1437 3030 1582 3098 ταραχώδης
1594 3028 1629 3081 dut
1651 3047 1678 3082 τί
1695 3026 1754 3098 πρθί
1766 3028 1865 3094 ωῑίθῐὶ

248 3129 280 3161 τα
292 3109 378 3162 πλοῖα.
392 3105 501 3162 sturae
514 3108 556 3161 καί
569 3127 623 3161 τινα
635 3111 711 3163 τίκτον
727 3109 752 3164 ἔν
767 3113 819 3173 τοῖς
835 3110 881 3162 ἀνὰ
896 3113 970 3182 μέσον
982 3114 1036 3165 δια·
1080 3109 1133 3172 dii:
1149 3129 1176 3164 τε
1192 3129 1245 3179 ταρ.
1260 3128 1287 3162 τε
1307 3108 1365 3179 πρὸς
1382 3125 1434 3161 em.
1448 3105 1644 3178 Bernhardyus.
1657 3107 1668 3174 ΙΙ
1684 3136 1721 3146 -
1736 3106 1798 3160 385.
1811 3126 1866 3176 πρι-

250 3189 380 3259 στημασιν,
394 3187 426 3251 τίς
438 3189 467 3241 θν
481 3186 573 3258 ἀγορᾶς
582 3192 665 3256 κοινῆς
680 3191 811 3261 γινομένης
822 3190 959 3244 πωλεῖσθαι
970 3191 1036 3262 παρὰ
1081 3189 1177 3258 στήμων
1194 3187 1255 3241 cod.
1279 3191 1291 3258 14
1313 3219 1350 3229 -
1369 3188 1431 3241 386.
1447 3186 1595 3257 λεγομένους
1614 3184 1668 3240 tut
1684 3182 1778 3247 codex,
1792 3186 1866 3255 quod

250 3268 294 3338 μὲν
308 3273 356 3320 τῶν
371 3266 398 3319 ἔκ
409 3272 453 3320 τοῦ
467 3267 563 3320 Πόντου
576 3265 689 3338 ἐμπόρων
702 3267 885 3322 θναθαινθντων
899 3269 931 3321 τὰ
946 3270 1037 3323 Alaina
1081 3269 1191 3332 mutavi,
1214 3268 1276 3337 quia
1295 3266 1435 3320 accusativi
1452 3282 1468 3318 a
1481 3265 1665 3336 prepositiones
1689 3261 1748 3332 πρδς
1768 3281 1794 3315 ν.
1813 3264 1866 3326 sat

248 3348 291 3400 καλ
304 3348 352 3399 tta
366 3347 406 3399 aul
422 3345 514 3412 Θάσια,
527 3346 593 3418 παρὰ
604 3347 631 3400 θλ
641 3352 690 3400 τῶν
705 3347 732 3402 ἔτι
747 3353 791 3400 τοῦ
808 3347 898 3420 λδρίου
909 3349 965 3411 τοὶνς
977 3349 1037 3420 ίίερ-
1081 3344 1195 3415 pendere
1206 3347 1249 3398 vix
1262 3346 1373 3416 possint,
1389 3353 1564 3415 pratereaque
1578 3339 1696 3394 ollendat
1713 3340 1778 3394 illud
1791 3341 1867 3411 λεγο·

249 3427 377 3498 κυραϊκοθς
400 3425 525 3498 ἀμφορεῖς.
546 3428 689 3480 Posti-emis
709 3426 750 3479 his
765 3429 860 3482 similia
880 3428 927 3480 sed
952 3428 1037 3481 multo
1081 3422 1234 3494 μένουςέκεῖ,
1245 3439 1328 3493 quum
1335 3417 1766 3491 τυφῶνας(τθφωναςοοάακ)ειμιιτ1
1774 3436 1868 3474 omues

249 3507 331 3576 magis
344 3505 473 3558 mirabilia
481 3505 763 3576 suntTheopompina.
773 3509 799 3558 Is
809 3506 880 3558 enim
894 3505 912 3558 l.
925 3505 944 3558 l.
955 3525 1037 3566 ουντε-
1081 3503 1198 3565 Graecos,
1210 3519 1265 3554 non
1277 3499 1348 3572 apud
1357 3499 1482 3552 barbaros
1495 3499 1599 3570 Illyrias,
1610 3498 1679 3553 aeris
1690 3498 1809 3552 turbines
1819 3517 1868 3552 νο-

248 3585 352 3653 usust
363 3582 393 3635 τὰ
409 3582 507 3652 πελάγη
520 3581 693 3635 contenderat
713 3581 815 3636 ἀπὸτοῦ
833 3581 984 3653 εθρίσκεσθαι
997 3586 1035 3638 κέ·
1080 3591 1183 3634 centur.
1201 3583 1290 3648 Quare
1304 3577 1450 3632 Meinelsius
1462 3577 1540 3630 scribi
1553 3576 1787 3646 νοΙυίῑγινυμένυυς
1803 3576 1866 3642 ἐκεῖ,

142 3663 148 3675 “
249 3682 327 3731 ραμον
347 3659 438 3713 θάσιόν
449 3679 477 3713 τε
488 3660 530 3712 καλ
542 3662 603 3712 Χῖον
620 3658 694 3731 ἐντῷ
707 3660 817 3730 Νάρωνι.
832 3661 883 3714 Vel
900 3661 1036 3734 Philippus
1085 3656 1237 3710 unisilorta
1247 3656 1348 3709 editum
1361 3655 1605 3726 interpretarimalis
1618 3654 1752 3726 :quitatio
1760 3655 1869 3710 essedi-

250 3740 337 3792 Persei
355 3748 439 3810 pater,
463 3737 625 3792 Macedoniae
639 3757 697 3804 rex,
721 3739 801 3792 fidem
821 3739 911 3794 adhuc
923 3743 1037 3812 praebuit
1080 3748 1185 3790 cuntur.
1198 3760 1210 3782 s
1223 3733 1409 3812 Bernhardyus
1420 3737 1558 3807 proposuit
1564 3735 1720 3805 repopiuoaa,
1731 3733 1867 3804 idemque·

250 3819 292 3869 isti
306 3816 340 3870 de
357 3819 471 3869 marium
493 3818 660 3888 proximitate
683 3819 814 3889 opinioni,
840 3819 970 3890 siquidem
991 3821 1036 3874 Li·
1080 3817 1130 3868 nisi
1151 3815 1255 3868 numeri
1277 3813 1447 3886 displiceant,
1467 3816 1494 3866 in
1512 3823 1613 3867 anuoc.
1634 3812 1713 3865 serib.
1740 3814 1869 3882 proponit

249 3897 308 3947 vius
318 3895 377 3958 XL,
393 3912 424 3947 21
440 3906 546 3949 narrat:
563 3895 662 3967 Cupido
675 3914 733 3948 eum
749 3909 852 3968 ceperat
873 3896 900 3950 in
913 3897 1036 3952 verticem
1082 3893 1189 3964 μάλιστα
1205 3896 1249 3946 τοῦ
1266 3894 1347 3962 θέρους
1360 3893 1400 3945 διὰ
1412 3893 1557 3962 πρηστήρων
1571 3911 1597 3945 τε
1613 3891 1667 3944 κτλ.
1687 3891 1698 3958 ΙΙ
1709 3919 1746 3930 -
1760 3891 1824 3960 387.
1840 3891 1868 3946 lv

250 3972 339 4024 Ilu‘mi
350 3971 447 4024 montis
462 3971 628 4036 ascendendi,
646 3973 711 4044 quia
721 3974 837 4041 uetlgatoe
845 3973 964 4046 opinioni
983 3993 1037 4028 cre-
1082 3971 1142 4025 θτῶν
1165 3973 1188 4024 δ’
1210 3970 1257 4024 uu
1274 3970 1367 4025 codex.
1387 3974 1449 4025 Post
1469 3969 1654 4040 digressionem
1675 3967 1710 4021 de
1723 3969 1775 4020 situ
1786 3971 1869 4024 maris

248 4051 363 4113 diderat,
383 4050 522 4103 Ponticum
532 4049 615 4104 simut
624 4062 649 4103 et
660 4050 850 4106 Hadriaticum
864 4071 934 4105 mure
948 4065 974 4105 et
985 4055 1037 4108 Hi·
1081 4049 1209 4104 Adriatici
1233 4049 1267 4103 ad
1289 4067 1342 4102 orae
1366 4049 1568 4120 descripthnem
1594 4058 1686 4101 auctor
1706 4046 1786 4112 redit,
1806 4062 1868 4119 pest

249 4142 333 4181 streuu
345 4148 447 4181 amnem
455 4140 480 4180 et
489 4129 572 4202 Alpes
581 4130 699 4203 conspici
704 4149 791 4204 porse.
801 4133 893 4184 Livius
900 4132 956 4184 haec
965 4151 1034 4186 sum·
1080 4129 1197 4182 Umbros
1212 4129 1341 4182 collocans
1354 4130 1480 4182 Venetos.
1497 4127 1587 4198 Scylax
1602 4129 1805 4196 interutrosque
1819 4145 1868 4198 po-

249 4209 283 4258 sit
293 4225 309 4259 e
319 4206 444 4279 Polybio,
458 4207 497 4258 uti
515 4225 547 4259 ex
561 4207 690 4260 Strabone
700 4210 749 4273 Vl,
762 4227 791 4279 p.
812 4211 862 4262 313
874 4210 977 4280 colligo.
993 4211 1034 4265 (ΙΙ.
1082 4210 1121 4260 nit
1134 4209 1240 4261 brevem
1253 4217 1366 4262 tractum
1377 4207 1530 4278 Tyrrhenia
1543 4224 1574 4259 ac
1585 4205 1729 4268 Celtamrm,
1740 4206 1786 4275 qui
1799 4207 1869 4260 inter

249 4287 328 4338 etiam
339 4285 435 4339 Florus
444 4287 483 4348 11,
501 4302 543 4340 aa.
560 4287 627 4340 Satis
637 4305 671 4339 ex
690 4287 732 4339 his
745 4288 876 4358 colligitur
885 4289 1036 4360 Theopom-
1081 4286 1146 4340 Padi
1168 4289 1234 4341 ostia
1256 4287 1329 4340 sedes
1342 4287 1460 4340 fixerant.
1478 4287 1488 4354 ll
1512 4315 1549 4326 -
1561 4284 1623 4352 389.
1644 4286 1684 4336 De
1703 4284 1868 4338 Henetomm

250 4381 315 4434 pum
324 4363 487 4435 superiorem
498 4363 577 4415 maris
586 4362 766 4434 pertemjusto
774 4365 900 4436 majorem
907 4366 1037 4438 longeque
1081 4365 1182 4433 origine
1193 4366 1247 4418 sive
1256 4365 1447 4436 Paphlagcuicu
1456 4365 1510 4416 sive
1519 4363 1615 4416 Celtica
1626 4363 1688 4416 satis
1698 4371 1738 4414 est
1749 4361 1869 4416 laudasse

250 4442 1037 4516 versusortumporrectamlinaisse.Idemtestanturquaese-
1081 4443 1203 4498 Strabon.
1221 4462 1248 4515 p.
1265 4449 1309 4498 61.
1338 4445 1398 4514 195.
1422 4459 1484 4497 κει.
1508 4443 1571 4507 543.
1587 4441 1648 4494 552.
1673 4445 1736 4496 600.
1760 4442 1866 4509 Fragm.

251 4531 370 4590 quuntur
378 4519 412 4574 de
420 4522 608 4592 quinquaginta
615 4523 782 4576 Henetornm
791 4523 895 4596 oppidis
903 4525 938 4578 ad
950 4527 1036 4596 ipsum
1081 4525 1149 4576 Hist.
1163 4534 1229 4576 tom.
1249 4526 1286 4586 ΙΙ,
1301 4541 1328 4594 p.
1344 4525 1405 4594 337,
1428 4544 1456 4594 9.
1470 4526 1519 4588 ΙΙΙ,
1532 4540 1559 4593 p.
1578 4537 1638 4586 122,
1654 4537 1699 4574 aa.
1712 4519 1774 4589 596,
1793 4537 1837 4573 ια.
1854 4523 1865 4590 [Ι

253 4597 333 4667 μυχδν
355 4599 420 4662 sitis,
444 4595 657 4670 deque‘llyllicae
676 4601 820 4671 peninsula
844 4602 1034 4670 magnitudine.
1081 4633 1117 4644 ·-
1131 4602 1192 4672 391.
1208 4602 1326 4673 θρᾷκες
1342 4601 1476 4676 Ἴστροι]
1492 4602 1590 4658 Eadem
1603 4600 1697 4655 iisdem
1711 4599 1765 4654 seue
1779 4600 1868 4652 verbis

252 4675 357 4742 Quibus
368 4673 436 4727 adde
445 4674 517 4746 qnod
527 4693 542 4728 a
554 4677 707 4731 Strabonel.
720 4678 740 4730 l.
753 4677 875 4744 traditur,
884 4679 1036 4750 Theopom·
1081 4682 1235 4754 Apollodor.
1259 4681 1294 4734 fr.
1319 4699 1377 4752 ¹¹9·
1398 4684 1463 4736 Vid.
1478 4681 1546 4736 inira
1567 4693 1624 4738 not.
1636 4681 1672 4736 ad
1693 4698 1719 4734 ν.
1736 4679 1798 4742 405.
1812 4680 1870 4732 Cur

251 4771 316 4826 pum
331 4752 529 4808 aLiburniaad
541 4756 685 4810 Ceraumos
701 4767 804 4810 montes
818 4757 874 4811 duo
891 4758 971 4812 millia
985 4769 1036 4812 sta·
1079 4761 1226 4815 Thracibus
1234 4761 1420 4831 gentibuslstri
1430 4773 1648 4826 annumerantur,
1656 4761 1725 4814 ratio
1734 4776 1782 4812 nos
1793 4757 1867 4811 latet.

252 4833 358 4886 diorum
376 4840 403 4884 et
427 4832 515 4903 paullo
530 4833 642 4904 amplius
658 4846 822 4907 computasse
841 4835 959 4907 (quoda
973 4856 1036 4892 vero
1080 4838 1290 4893 VideMaunert.
1305 4841 1354 4904 tx,
1367 4857 1391 4904 1,
1404 4857 1431 4911 p.
1443 4842 1622 4904 &setarum
1634 4839 1753 4893 hocloco
1765 4853 1870 4890 memo·

252 4930 307 4964 non
322 4909 434 4963 multum
451 4911 554 4984 abest),
572 4929 663 4964 verum
677 4911 721 4965 τθν
739 4915 819 4966 πάντα
830 4913 878 4968 ἀπὸ
896 4919 940 4968 τοῦ
954 4921 1036 4987 μυχοῦ
1080 4918 1195 4972 randum
1206 4929 1262 4972 erat
1271 4921 1331 4972 Istri
1342 4919 1480 4974 brachium
1495 4919 1523 4973 in
1535 4919 1700 4974 Adriaticum
1712 4933 1867 4971 exeamus.

252 4990 331 5042 πλοῦν
346 4988 444 5060 ἣμεμῗιν
455 4989 481 5052 ἓξ
499 4988 636 5060 εἰρηκέναι,
650 4993 714 5063 πεζῇ
726 4991 753 5045 δὲ
767 4993 797 5044 u
809 4997 885 5063 μῆκος
897 4997 941 5062 τῆς
954 4993 1037 5048 Ἰλλυ-
1082 4997 1095 5066 ΙΙ
1112 5027 1148 5038 -
1159 4997 1221 5066 δρα.
1236 5000 1302 5051 Dua
1321 4999 1375 5052 istae
1387 4999 1477 5052 insula
1487 5017 1543 5052 esse
1561 5001 1684 5052 videntur
1700 4994 1867 5067 Apsyrtides.

253 5071 318 5138 ρίδος
329 5069 371 5122 καὶ
388 5069 577 5140 τριάκοντα.
596 5072 628 5123 In
642 5071 739 5142 quibus
752 5089 796 5124 sex
814 5072 917 5126 dierum
932 5075 1036 5146 naviga·
1080 5079 1148 5143 Qua
1154 5076 1188 5130 dc
1196 5087 1290 5130 stanno
1299 5079 1327 5131 iu
1337 5079 1378 5131 his
1392 5079 1455 5132 locis
1466 5079 1542 5132 sicuti
1551 5078 1586 5132 de
1596 5079 1693 5132 electro
1704 5074 1867 5138 serebantur,

254 5149 292 5198 tio
307 5149 342 5200 ita
364 5147 529 5217 intelligenda
544 5160 593 5214 est,
614 5160 645 5203 ut
656 5162 746 5204 noctes
759 5169 864 5222 quoque
880 5171 913 5205 eo
927 5172 1039 5207 numero
1083 5155 1219 5208 reserenda
1239 5156 1348 5210 suntad
1367 5159 1540 5223 mmmescia,
1558 5158 1656 5230 quibus
1673 5155 1715 5210 illa
1735 5153 1769 5208 ad
1793 5171 1869 5207 mare

254 5226 521 5296 comprehendantur,
545 5229 595 5281 nisi
621 5228 729 5284 sortasse
744 5230 787 5284 τὀν
810 5231 888 5285 πλοῦν
908 5231 1038 5288 directum
1084 5235 1247 5290 Adriaticum
1260 5235 1394 5310 deportari
1406 5237 1532 5292 solebant.
