3950 5925
721 381 770 444 DE
791 382 985 450 tuourtto
1009 379 1142 460 totta.
1625 402 1730 449 txxvu
1824 472 1831 481 .

114 520 151 577 tis
165 517 283 594 legitur,
295 518 347 575 sed
362 518 400 575 ad
413 536 457 576 vs.
471 520 540 588 287,
552 536 611 593 quo
622 517 687 594 ipso
701 516 766 573 loco
779 516 901 593 Apollo·
945 516 1030 591 genis
1045 516 1136 573 Stoici
1154 528 1183 571 et
1202 513 1361 572 Aristarchi
1378 514 1540 590 discipulus
1558 516 1648 573 simili
1666 536 1730 575 mo·

113 616 181 673 nius
212 614 348 691 Rhipaeos
381 626 495 671 montes
524 624 740 671 commemorat.
775 611 902 669 Omnino
946 611 985 668 do
1008 612 1164 670 historiam
1196 630 1338 669 annorum
1373 610 1454 668 tuille
1477 624 1507 667 et
1539 612 1731 687 quadraginta

112 724 211 767 autem
231 710 400 767 llolstenius
422 720 547 765 amente
561 706 900 777 scholiastae·aberrarit,
946 707 1108 783 (ralla-145
1124 725 1151 763 a.
1164 706 1220 783 (1.),
1235 704 1440 782 indeaTroy'te
1457 704 1573 763 excidio
1586 726 1679 783 usque
1693 709 1732 765 ad

112 806 166 881 qui
189 826 250 863 non
272 805 328 862 hoc
349 805 449 863 dicere
478 804 587 875 voluit,
611 802 688 880 apud
712 802 901 880 Apollonium
945 814 1119 877 praesentem
1133 813 1244 858 atatem
1266 798 1352 880 (typi
1369 803 1415 857 τοῦ
1428 802 1472 857 νῦν
1489 797 1546 877 βίον
1556 818 1601 859 rs.
1614 801 1683 877 23),
1699 804 1731 860 in

112 902 251 960 lstrume
264 899 541 979 septentrionalibus
549 898 718 974 regionibus
727 898 813 973 oriri,
824 898 901 976 apud
946 896 1121 955 discentium
1135 915 1221 955 usum
1231 897 1411 974 exposuerit,
1423 914 1545 972 meoque
1559 897 1656 955 Attalo
1664 897 1732 957 Phi·

111 996 274 1073 Scymnum
290 1009 385 1055 autem
400 1016 438 1054 ex
447 992 691 1064 occidentalibus,
707 992 758 1053 sed
776 992 831 1051 hoc
848 1012 902 1070 po·
945 992 1081 1071 ladelpho
1092 991 1511 1071 nuncupaveritltaqueanno
1527 993 1592 1064 145,
1600 994 1632 1051 in
1642 1013 1730 1070 quem

112 1091 184 1162 tius,
201 1092 352 1169 Apollonii
369 1090 475 1149 lstmm
490 1091 521 1148 in
531 1089 703 1166 Scytharum
715 1101 744 1146 et
755 1087 901 1145 Thracum
945 1086 1248 1147 desieruntChronica
1257 1086 1432 1164 Apollodori
1444 1086 1630 1145 Atheniensis
1643 1087 1729 1166 (nam

111 1187 254 1244 confiniis
268 1188 300 1244 in
314 1186 373 1244 duo
383 1186 480 1243 scindi
494 1184 626 1255 flumina,
642 1202 767 1260 quorum
779 1182 901 1241 alterum
947 1182 1027 1240 huuc
1039 1182 1099 1241 diei
1113 1183 1296 1261 philologum
1307 1183 1435 1240 Atticum
1444 1182 1577 1240 unanimi
1587 1202 1730 1242 consensu

112 1281 144 1337 in
166 1280 365 1352 Adriaticum,
379 1280 503 1337 alterum
528 1280 560 1337 in
580 1277 793 1355 Tyrrhenicum
821 1295 901 1335 mare
945 1290 1074 1335 statuunt
1083 1276 1115 1354 Γ)
1126 1277 1146 1356 J,
1159 1276 1221 1354 jam
1242 1276 1351 1335 vixisse
1372 1274 1476 1333 Noster
1489 1275 1730 1355 videtur,quam·

112 1374 235 1448 (εἰςτήι
248 1375 309 1432 καθ’
325 1377 397 1449 ἡμᾶς
419 1372 552 1431 θάλασσαι
566 1372 575 1450 )
590 1372 718 1442 ellundi,
738 1372 815 1449 apud
826 1371 902 1447 Scy·
945 1390 1033 1448 quam
1059 1385 1129 1430 tunc
1151 1372 1294 1449 puerilem
1316 1382 1428 1429 aetatem
1447 1369 1577 1429 nondum
1597 1390 1731 1445 egressus

111 1484 215 1525 mnum
225 1480 322 1527 autem
337 1468 444 1527 lstrum
457 1466 534 1526 αὐτὸν
547 1466 635 1543 μόνον,
648 1468 671 1526 i.
685 1486 712 1526 e.
729 1466 900 1523 continuum
947 1466 1044 1527 luerit.
1055 1466 1216 1544 Scripsisse
1228 1486 1295 1525 eum
1313 1486 1373 1543 quo
1387 1478 1519 1543 tempore
1526 1484 1608 1540 reges
1621 1466 1729 1541 Perga·

110 1580 210 1639 neque
230 1565 263 1622 in
294 1564 380 1642 plura
400 1564 521 1624 flumina
540 1564 714 1637 (lieentum,
739 1582 756 1623 e
780 1562 902 1623 desertis
946 1563 1025 1621 meni
1029 1563 1090 1639 jam
1101 1560 1279 1635 deiecerant,
1288 1562 1352 1621 sive
1364 1573 1561 1641 postmortem
1570 1561 1661 1621 Attali
1672 1560 1729 1635 lll,

110 1658 289 1735 regionibus
303 1660 421 1721 deferri.
440 1664 500 1721 lloc
514 1676 608 1721 autem
622 1664 648 1720 si
660 1661 803 1738 Scymnus
815 1661 900 1733 dixit,
946 1657 1094 1717 indicatur
1104 1678 1149 1719 vs.
1165 1662 1199 1716 16
1209 1658 1311 1717 verbis
1326 1679 1334 1715 ι

108 1770 246 1833 apertum
258 1771 303 1819 est
314 1762 400 1834 longe
414 1761 499 1819 aliam
510 1759 621 1817 delstri
634 1776 721 1817 cursu
731 1758 901 1817 senteutiam
1263 1754 1318 1821 τοῖς
1328 1756 1356 1812 ἐν
1368 1754 1506 1833 Περγάμῳ

110 1866 272 1929 sequutum
294 1875 359 1914 esse
382 1859 553 1935 scriptorem
575 1856 778 1930 Periegeseos,
798 1858 849 1933 qui
873 1870 902 1915 et
987 1842 1306 1929 βασιλιῦσιι,ὧιὴδόξιι
1319 1851 1365 1909 ael
1378 1851 1539 1923 τεθνηκότων

109 1966 202 2006 versu
214 1950 274 2019 664
288 1964 319 2007 et
331 1970 366 2009 eo
377 1951 459 2029 ipso,
472 1952 509 2009 de
524 1970 583 2029 quo
593 1950 762 2009 Holstenius
771 1950 900 2023 disserit,
984 1945 1059 2025 saph
1074 1955 1156 2005 πᾶσιν
1167 1949 1312 2022 sipiritibus
1325 1945 1370 2003 hd
1386 1945 1483 2011 παντὸς
1496 1946 1578 2021 μένει.

109 2042 177 2099 loco
191 2044 267 2101 satis
289 2045 429 2118 ostendit,
449 2064 480 2105 se
490 2046 611 2103 eandem
625 2064 712 2122 quam
728 2045 903 2121 Apollonius
946 2038 1053 2115 Regem
1076 2056 1172 2100 autem
1184 2040 1343 2118 Bithynia,
1360 2040 1397 2099 ad
1410 2059 1497 2117 quem
1518 2038 1610 2098 verba
1629 2056 1730 2101 auctor

109 2136 147 2193 de
162 2136 244 2195 {su-0
265 2139 299 2196 in
316 2140 401 2216 plum
419 2140 539 2199 flumin,
556 2140 653 2199 diviso
666 2140 837 2199 sententiam
855 2158 904 2199 το.
944 2133 1058 2209 dirigit,
1071 2134 1130 2194 dici
1144 2132 1728 2214 putaverisNicomedeurllEpiphanem,

109 2244 238 2307 quutum
252 2252 334 2306 esse3
348 2254 414 2311 quae
434 2254 481 2293 res
493 2235 580 2293 etiam
603 2235 709 2294 clarius
726 2234 903 2310 intelligere·
943 2228 1057 2289 Prusias
1074 2228 1103 2287 ll
1117 2234 1164 2287 τῶ
1183 2234 1296 2307 κυιηγῶ
1315 2230 1426 2299 lilium,
1441 2228 1494 2304 qui
1511 2247 1564 2305 per
1585 2231 1729 2307 quinqua·

110 2339 170 2397 tur,
201 2328 227 2385 si
251 2330 366 2405 integer
388 2330 545 2407 Perlegetae
569 2331 651 2388 locus
672 2342 803 2389 servatus
816 2342 901 2403 esset,
943 2326 1026 2401 ginta
1039 2338 1106 2383 octo
1114 2344 1208 2384 annos
1224 2326 1348 2402 (atq-92
1365 2344 1392 2383 a.
1410 2324 1464 2401 C.)
1479 2326 1730 2404 regnavit3bujus

110 2422 163 2497 qui
187 2441 251 2481 non
272 2423 396 2482 dubium
416 2438 460 2483 est
482 2426 554 2502 quin
577 2424 633 2484 hoc
652 2425 773 2495 dixerit,
799 2424 903 2483 lstrum
945 2422 1024 2481 euim
1035 2435 1167 2501 tempora
1176 2442 1242 2480 cum
1259 2422 1306 2494 iis,
1320 2440 1387 2498 quae
1403 2420 1553 2497 bucusque
1567 2422 1728 2495 attulimus,

110 2516 249 2591 quinque
270 2518 355 2577 ostiis
378 2520 410 2577 in
433 2519 571 2593 Pontum,
596 2519 711 2577 duobus
726 2531 821 2577 autem
837 2538 903 2596 par·
944 2517 1055 2595 optime
1064 2518 1224 2577 convenire
1232 2517 1400 2576 videantur.
1410 2521 1543 2575 Attamen
1553 2517 1643 2577 debis
1653 2532 1731 2579 aute·

112 2613 164 2667 tim
179 2612 213 2667 in
227 2610 412 2670 Adriaticum
427 2614 578 2690 partimin
596 2613 811 2691 Tyrrhenicum
826 2632 905 2672 mare
944 2631 1031 2689 quam
1057 2611 1240 2689 iudicemus,
1272 2612 1424 2671 audiamus
1459 2612 1584 2689 reliqua.
1615 2611 1729 2673 Etenim

113 2704 241 2763 ellundi.
256 2704 358 2783 ltaque
375 2727 433 2765 non
446 2721 557 2766 tautum
569 2708 646 2765 inter
659 2707 720 2786 περὶ
734 2720 763 2765 et
776 2706 905 2786 σχιζόμε-
944 2720 1030 2785 poeta
1037 2720 1136 2766 noster
1143 2720 1300 2785 postquam
1312 2706 1442 2765 Atticum
1451 2706 1539 2765 istum
1548 2706 1729 2784 philologum

113 2822 155 2863 νιις
170 2799 324 2857 sedetiam
336 2802 414 2860 inter
427 2802 579 2880 σχιζόμενος
590 2815 619 2861 et
631 2801 677 2860 καὶ
692 2804 728 2867 tle
742 2801 905 2881 Ἀδρίανιιίἰ·
944 2802 1099 2862 Chronicis
1114 2803 1212 2861 Attalo
1222 2803 1364 2862 dedicatis
1380 2822 1512 2879 magnam
1529 2804 1591 2879 regi
1605 2804 1729 2879 gloriam

112 2896 187 2972 quid
199 2896 557 2958 omissumessearbitror.
565 2898 618 2957 llis
629 2898 791 2978 profligatis
803 2918 904 2978 super·
944 2918 1127 2979 comparasse
1137 2900 1225 2973 dixit,
1238 2918 1270 2959 se
1283 2902 1379 2979 ipsum
1388 2902 1430 2957 ait
1446 2920 1521 2978 opus
1541 2919 1626 2958 soum
1639 2900 1729 2959 Nico-

114 3011 276 3050 vacaneum
292 3011 357 3050 esse
376 3007 448 3071 puto
460 2996 591 3067 alteram,
605 3015 692 3072 quam
707 2994 744 3052 de
759 2994 905 3054 librorum
944 2996 1022 3054 medi
1047 2995 1248 3054 dedicaturum
1267 3015 1302 3054 ea
1324 2995 1361 3054 de
1382 3015 1415 3053 re
1435 2994 1542 3054 adiisse
1563 2997 1729 3074 Apollinem

114 3105 240 3145 numero
256 3087 349 3146 morit
362 3089 539 3161 llolstenius,
554 3087 767 3148 dubitationem
779 3090 905 3148 refutare
946 3090 1143 3167 Didymeum,
1167 3091 1220 3167 qui
1240 3109 1259 3148 a
1277 3089 1432 3149 Nicomede
1453 3107 1570 3167 quoque
1594 3091 1730 3166 religiose

113 3182 277 3259 mpiosius.
292 3183 335 3240 Ac
348 3182 523 3260 conjecturae
541 3184 601 3243 viri
615 3185 777 3245 doctissimi
789 3205 849 3243 ιιοιι
863 3185 904 3244 l'a·
944 3187 1057 3246 colatur
1072 3199 1101 3244 et
1115 3187 1189 3245 olim
1204 3187 1291 3246 etiam
1304 3199 1417 3264 patrem
1431 3185 1496 3263 ejus
1508 3187 1540 3245 iu
1554 3205 1645 3263 regno
1655 3187 1730 3246 bene

117 3295 188 3334 vere
198 3276 388 3336 scholiastam
397 3277 583 3350 Parisinum,
597 3279 649 3355 qui
662 3279 724 3338 haec
738 3281 778 3338 ita
797 3280 906 3358 scripta
945 3282 1150 3342 constituendo
1159 3282 1317 3360 adjuverit.
1330 3280 1428 3340 Verba
1435 3281 1497 3341 baec
1509 3297 1577 3341 suut
1589 3303 1619 3340 v.
1635 3283 1672 3340 50
1688 3304 1694 3338 :

116 3369 247 3448 profert,
263 3371 291 3429 ἐν
311 3371 394 3451 τῇιῌ
407 3374 459 3429 τῶν
473 3372 533 3452 περὶ
550 3373 695 3452 Εὐρώπης,
707 3373 796 3451 jama
810 3375 904 3433 Schm-
985 3377 1092 3455 ’ttytst'
1114 3375 1216 3434 modos
1228 3375 1293 3435 διότι
1306 3378 1358 3434 τῶν
1371 3381 1416 3434 νῦν
1436 3376 1565 3455 βασιλέων

119 3467 180 3524 lero
202 3467 348 3526 monitum
366 3467 464 3529 video.
485 3467 550 3526 Non
568 3468 736 3545 negaverim
756 3482 853 3530 tatum
873 3471 905 3530 in
986 3470 1064 3547 μόνος
1078 3469 1218 3554 βασιλικὴν
1231 3468 1583 3550 χρηιτότητιτροσφίριιι,

119 3580 245 3619 numero
259 3575 387 3620 erratum
399 3581 462 3620 esse
477 3583 484 3618 ε
500 3564 567 3640 quis
581 3565 660 3622 enim
674 3566 751 3624 serio
765 3564 823 3625 sibi
836 3585 906 3644 per·
985 3569 1078 3647 πεῖραι
1087 3564 1232 3642 ἐτιθύμησ*
1243 3564 1319 3632 αὐτὸς
1330 3566 1372 3623 ht’
1384 3566 1497 3640 ipsum*
1507 3563 1598 3622 λαὸιῖι

119 3657 258 3732 suadeat,
276 3655 371 3714 ullum
392 3675 521 3732 unquam
536 3671 668 3717 veterum
691 3659 906 3737 chorographo·
986 3665 1032 3724 καὶ
1044 3660 1238 3744 ταραγινίσθιι
1254 3659 1299 3720 sel
1312 3659 1470 3740 τίβιισιλιύς
1482 3660 1534 3718 ἐστ’
1547 3661 1620 3736 ἰδεῖν,

118 3771 204 3824 rum,
217 3751 326 3810 nedum
347 3753 465 3811 obscuri
486 3754 614 3814 nominis
627 3757 799 3835 scriptorem
813 3771 842 3817 et
854 3779 906 3818 ra·
985 3757 1018 3816 h’
1034 3757 1112 3826 airh<
1122 3756 1217 3836 ἑτέροις
1232 3757 1312 3814 πάλιν
1327 3754 1502 3833 ἀπαγγέλλειν
1511 3752 1576 3834 ἔχω.

118 3847 238 3904 rissime
260 3866 279 3903 a
296 3846 443 3925 Stephano
461 3847 497 3905 ad
511 3861 606 3926 partes
620 3863 768 3924 vocatum,
794 3852 830 3910 de
845 3855 907 3914 sola
987 3853 1035 3914 Διὸ
1045 3857 1078 3932 τῇ
1089 3849 1211 3934 spatiosi
1224 3848 1373 3926 σύμὸουλον
1383 3847 1537 3925 anutium

117 3939 240 4018 Europa
259 3940 386 3999 sedecim
405 3941 499 4001 libros
518 3943 702 4005 condidisse-i
723 3944 824 4024 ltaque
848 3967 907 4008 non
987 3949 1032 4008 τὸν
1046 3947 1299 4028 τιηιιιιτορθώσιιντιι
1310 3945 1403 4026 καὶτῷ
1416 3948 1457 4026 τῷ
1467 3945 1550 4026 scarpi

117 4039 318 4114 vituperarem
324 4035 503 4112 equidem,si
509 4038 576 4114 quis
582 4038 789 4098 nondecimum
796 4054 907 4100 sextum
986 4043 1022 4102 ‘th
1036 4048 1082 4116 τῆς
1097 4041 1376 4123 βασιλιίιιςπρότιρον,
1387 4043 1423 4108 ὡς
1437 4039 1578 4118 dxou‘opsr,

119 4132 244 4208 Seymni
256 4133 378 4204 librum,
390 4132 439 4190 sed
450 4145 563 4191 sextum
573 4139 583 4210 (
592 4135 619 4190 ἐν
628 4137 661 4212 τῇ
671 4133 696 4200 ς’
710 4137 761 4194 τῶν
772 4135 833 4216 περὶ
848 4139 908 4196 Ed·
988 4139 1062 4219 παρά
1071 4139 1113 4198 col
1123 4162 1167 4213 τι,
1187 4142 1311 4218 βασιλεῦ,
1330 4138 1443 4216 γνησίως
1456 4136 1603 4214 τιμώμινοι

119 4225 227 4304 phu-qe)
238 4245 256 4282 a
267 4225 424 4286 scholiasta
433 4241 690 4288 commemoratum
699 4230 908 4291 existimaret.»
987 4235 1058 4296 κατὰ
1069 4235 1171 4309 πάντα,
1184 4237 1228 4294 τὸν
1240 4234 1393 4296 Ἀπόλλωνα
1404 4235 1448 4294 τὸν
1457 4235 1560 4309 dilapsi
1571 4232 1650 4310 λέγω.

161 4323 215 4381 llis
239 4323 331 4399 igitur
365 4325 451 4384 istam
484 4326 519 4383 de
554 4325 682 4403 Scymno
709 4327 785 4385 Chio
817 4331 908 4389 nostri
949 4334 1014 4392 lam
1028 4353 1099 4392 vero
1109 4332 1415 4392 constatNicomederu
1423 4330 1450 4389 ll
1462 4330 1596 4389 Prusiam
1607 4343 1729 4408 patrem,

118 4420 267 4498 poematis
301 4434 420 4480 auctore
446 4422 635 4499 questionem
666 4423 736 4482 satis
765 4442 910 4503 superque
949 4431 1047 4490 virum
1060 4432 1210 4506 ignarum,
1223 4430 1432 4499 sevissimam,
1446 4426 1579 4502 Bithynis
1593 4426 1731 4485 infensis-

118 4517 286 4576 lleinelrius
300 4519 479 4595 prolligavit.
493 4517 601 4578 Verum
618 4521 770 4598 scriptoris
787 4540 907 4595 nornen,
951 4528 1071 4597 simum,
1081 4545 1166 4602 aquo
1176 4544 1229 4603 per
1236 4537 1325 4582 totam
1336 4523 1427 4582 vitam
1437 4520 1623 4597 dissenserat,
1636 4520 1732 4598 cujus·

119 4613 190 4670 dum
208 4614 318 4672 certior
330 4613 382 4674 lux
391 4615 527 4676 alicunde
536 4615 679 4676 allulserit
685 4659 695 4690 ,
708 4617 739 4674 in
751 4618 846 4678 medio
860 4639 909 4678 re-
949 4642 1007 4700 que
1017 4621 1140 4681 insidias
1152 4640 1228 4695 segre
1238 4621 1391 4695 effugerat,
1403 4617 1535 4689 tandem,
1549 4617 1671 4694 juvante
1683 4621 1732 4674 At·

121 4711 297 4788 linquimus.
949 4718 1022 4790 talo,
1043 4735 1135 4793 regno
1145 4714 1265 4793 ejecisse
1277 4715 1367 4790 inque
1376 4712 1461 4770 lovis
1474 4712 1582 4790 templo
1591 4711 1733 4770 occidisse

164 4826 232 4865 ιιι.
243 4807 287 4863 Dr
300 4825 393 4864 ιιιιτιι
406 4826 578 4868 scarerorus.
588 4807 624 4868 lu
633 4807 802 4886 praefatione
811 4822 910 4869 auctor
951 4809 1252 4892 (Appianldithm'dat.
1261 4829 1287 4866 c.
1297 4829 1312 4880 7
1321 4803 1731 4884 ;coll.PolybiollllllVll,a).

120 4900 310 4962 Nicomedem
320 4905 486 4979 regem,eui
494 4905 738 4984 opusdedicatur,
746 4906 909 4983 alloquens,
952 4907 1104 4966 lluncciue
1134 4905 1266 4964 Prusiam
1295 4901 1399 4961 Noster
1439 4902 1584 4980 Apollinis
1614 4920 1670 4978 ope
1700 4901 1732 4958 in

122 4998 266 5075 periegesi
283 5018 336 5058 sua
351 5014 443 5058 metro
456 5002 568 5060 cornico
582 5004 691 5081 scripta
705 5004 870 5081 exemplum
880 5023 911 5062 se
952 5021 1043 5078 regno
1057 5003 1201 5060 firmatum
1215 5017 1279 5060 esse
1290 4998 1420 5074 censuit,
1440 4997 1528 5074 idque
1541 4995 1690 5054 Nicomedi
1704 4995 1733 5054 ll

122 5107 251 5154 secanam
264 5095 492 5173 esseprolitetur
501 5097 644 5175 philologi
657 5097 759 5170 Attici,
773 5097 824 5174 qui
838 5099 908 5157 Dio-
952 5099 1078 5157 occisori
1104 5095 1259 5156 dicendum
1280 5096 1314 5154 in
1331 5095 1387 5153 hac
1406 5093 1530 5171 epistola
1555 5091 1734 5152 dedicatoria

149 5267 183 5330 ι’)
192 5270 258 5321 sunt
268 5271 361 5334 tamea,
370 5283 428 5333 qua
440 5269 495 5322 huic
505 5272 631 5324 sententia
641 5271 762 5324 adversari
772 5273 863 5337 mssiut
873 5271 956 5336 videri,
967 5275 995 5326 ut
1010 5273 1041 5324 ad
1058 5271 1188 5335 ingruente
1202 5269 1339 5336 Apollodori
1350 5265 1505 5332 monaphlca
1514 5266 1626 5318 monebo.
