3950 5925
154 350 226 426 με.)
738 351 966 413 aesculano
989 356 1164 419 nuncin.

166 502 194 537 eu
208 480 278 557 ε’ντῇ
292 476 415 555 μεσογείρ
428 477 450 535 δ’
462 475 516 534 ἐστὶ
528 477 696 557 Κυπάρισσῦς
707 479 780 547 πόλις
983 496 1014 544 lo
1030 494 1226 547 mediterrancis
1238 514 1300 548 vcro
1310 498 1357 549 sita
1369 500 1521 570 Cpparissus
1532 501 1609 566 urbs,

207 566 294 644 Κρῖῦά
305 588 348 635 ῖῑι
365 568 421 640 μετ’
437 562 519 633 αὐτὴν
531 567 636 632 Δαυλίς·
650 566 683 625 ‘ll
699 570 810 625 Βοιωτία
982 584 1117 652 Crisaquc,
1129 594 1187 653 post
1197 602 1307 654 eamque
1316 587 1414 639 Daulis.
1431 589 1492 641 Post
1508 589 1653 642 Phocenses

206 652 280 731 χώρα
293 651 319 709 δὲ
333 651 400 727 μετὰ
411 653 517 717 Φωκεῖς
530 650 685 730 ὑπόκειται,
698 655 805 730 κειμένη
983 671 1090 722 Boeotiae
1103 673 1175 740 regio
1185 674 1311 743 soluitur,
1328 674 1376 728 sita

206 745 251 810 τῆς
263 738 385 805 Φωκίδος
394 736 483 817 χώρας
497 738 561 817 πρὸς
573 738 618 797 ἕω·
631 740 723 799 κᾶστιν
735 740 781 800 δύο
983 757 1123 809 anocide
1137 761 1243 827 regione
1253 780 1340 813 versus
1352 773 1452 815 ortum.
1463 764 1581 833 Sumque
1590 762 1645 815 duo

207 824 316 900 ἐπίσημ’
324 824 382 903 ὄρη,
392 824 422 882 τὸ
432 824 605 917 μλνκἙλικὼν
617 827 787 903 καλούμενον,
984 842 1097 911 insignes
1112 856 1223 910 montes,
1235 864 1349 917 quorum
1363 865 1433 900 unus
1442 849 1552 902 Helicon
1567 861 1684 916 vocatur,

165 936 193 972 as
207 912 292 993 ἕτερον
305 911 445 988 Κιθαιρών.
460 916 535 973 Εἶπεν
551 912 669 993 Ὠρωπὸς
680 917 766 989 πόλις,
983 928 1048 982 alter
1060 930 1203 984 Cithaeron.
1215 933 1282 985 Dciu
1296 935 1401 1004 Oropus
1411 934 1484 1000 urbs,

207 1003 251 1058 καὶ
261 1005 307 1072 τῆς
314 1000 443 1071 θαλάττης
452 1000 552 1081 ἀπέχον
563 1002 632 1082 ἱερὸν
642 1005 671 1061 οὗ
680 1005 747 1063 πολύ
981 1026 1009 1067 et
1023 1034 1038 1068 a
1049 1019 1114 1069 mari
1125 1016 1225 1071 distans
1236 1020 1371 1073 oraculum
1382 1020 1453 1073 baud
1465 1023 1558 1092 procul

209 1086 262 1145 ἔστ’
275 1086 437 1167 Ἀμφιαράου
448 1088 493 1146 καί
508 1086 570 1155 νεὼς
579 1090 625 1147 καί
638 1089 669 1149 τὸ
680 1091 800 1166 τέμενος,
983 1112 1022 1153 est
1034 1102 1185 1172 Amphiarai
1193 1114 1220 1156 ct
1233 1106 1359 1176 templum
1375 1116 1400 1158 et
1409 1107 1498 1173 lucus,

207 1174 288 1241 λῦλίς
301 1198 330 1232 τε
342 1178 462 1233 Βοιωτῶν
473 1175 555 1248 πόλις,
567 1176 630 1256 πρὸς
645 1168 663 1256 ᾗ
674 1178 755 1253 λιμήν
985 1188 1110 1258 λειΙίειγιιε
1121 1191 1274 1242 Boeotorum
1283 1191 1357 1255 urbe,
1371 1191 1495 1262 adquam
1509 1205 1601 1264 portus

207 1261 360 1341 κάρτέμιδος
370 1262 438 1343 ἱερὸν
452 1263 538 1341 άγιον,
552 1264 565 1323 θ
578 1264 682 1342 λέγεται
693 1266 780 1325 κτίσαι
983 1285 1010 1326 et
1022 1277 1113 1329 Dianae
1124 1276 1214 1329 sanum
1228 1288 1357 1342 sanctum,
1371 1278 1443 1349 quod
1453 1280 1602 1333 condidisse
1613 1281 1710 1333 dicitur

162 1372 193 1407 οο
207 1349 387 1428 Ἀγαμέμνον’,
405 1341 471 1408 εἶτεν
481 1350 601 1431 Ἐρέσιον
614 1354 775 1429 καλούμενον
984 1364 1163 1429 Agamemno,
1175 1362 1237 1415 dein
1248 1366 1367 1417 Eresiurn
1378 1366 1450 1436 quod
1465 1377 1558 1419 vocant

208 1436 359 1515 ἀκρότατον,
370 1428 417 1497 εἶτ’
434 1436 556 1517 Εὔριπος.
565 1439 697 1513 ’λνθηθὼν
712 1443 734 1499 δ’
746 1440 801 1521 ἔχει
983 1464 1129 1513 summum,
1140 1459 1198 1501 tum
1208 1451 1332 1521 Euripus.
1348 1450 1489 1504 Anthedon
1500 1471 1563 1504 vero
1576 1452 1654 1504 balet

209 1525 366 1595 ’λυθηδόνιον
377 1525 420 1585 τὸν
430 1526 524 1603 λιμένα
533 1550 541 1569 ·
550 1528 596 1586 καί
609 1528 666 1605 μετ’
677 1531 708 1588 οὐ
720 1529 786 1587 πολύ
984 1544 1091 1603 portum
1101 1534 1317 1600 Andredonium;
1333 1554 1387 1589 non
1396 1537 1473 1606 longe
1482 1538 1544 1590 binc
1557 1549 1595 1590 cst

207 1615 343 1694 Τάναγρα.
359 1618 454 1675 Kaisar
470 1616 491 1673 θ’
506 1618 532 1673 έν
545 1616 669 1696 μεσογείᾳ
683 1618 752 1675 πάνυ
762 1618 830 1687 καλή
983 1621 1113 1688 Tanagra.
1126 1623 1156 1673 In
1169 1620 1365 1674 mediterraneis
1378 1634 1465 1675 autem
1480 1625 1529 1676 sita
1540 1624 1677 1695 perpulcra

207 1702 298 1773 πόλις,
313 1702 427 1779 μεγάλαι
447 1702 557 1778 Θῆὅαι,
571 1704 684 1761 σταδίοιν
697 1705 727 1762 τὸ
736 1706 891 1784 περίμετρον
982 1705 1056 1769 urbs,
1071 1724 1170 1775 magnae
1182 1708 1289 1772 Tbebae,
1305 1708 1449 1761 stadiorum
1461 1710 1590 1761 ambitum

162 1810 193 1846 aa
209 1788 305 1867 ἔχουσα
319 1788 512 1869 τετταράκοντα
526 1790 570 1847 καί
585 1791 692 1870 προσέτι
701 1796 790 1871 τριῶν,
983 1793 1082 1845 babens
1096 1794 1268 1863 quadraginta
1276 1807 1302 1848 et
1317 1798 1423 1867 insuper
1433 1800 1530 1862 trium,

208 1878 306 1935 Κῶπαι
317 1876 367 1954 (δέ)
381 1876 457 1944 πόλις
468 1877 647 1956 κώρχομενός·
663 1869 721 1937 εἶτα
738 1880 794 1955 μετ’
807 1882 835 1938 οὐ
849 1880 916 1940 πολά
983 1881 1062 1951 Copae
1073 1882 1151 1934 etlam
1166 1882 1229 1935 urbs
1240 1894 1266 1935 et
1279 1884 1478 1947 0rrhomcnus;
1495 1902 1542 1936 nec
1551 1884 1635 1936 multo
1647 1895 1705 1955 post

209 1962 283 2028 πόλις
294 1963 424 2024 λεὸάδεια
434 1965 521 2043 χίερὸν
536 1964 702 2044 Τροφωνίου,
985 1966 1104 2020 lebadea
1114 1967 1177 2020 urbs
1191 1980 1219 2021 et
1228 1968 1318 2021 sanum
1327 1970 1487 2040 Trophonii,

209 2051 274 2108 ὅπου
287 2049 317 2107 τὸ
332 2060 452 2125 μαντεῖον
463 2051 569 2129 λέγουσι
580 2052 723 2129 γεγονέναι.
985 2054 1031 2105 ubi
1041 2053 1177 2106 oraculum
1186 2054 1280 2107 dicunt
1291 2054 1378 2107 luisse.

207 2129 263 2196 Εἶτ’
277 2136 394 2197 Ὠκαλέα
408 2139 483 2204 πόλις
494 2138 549 2197 ἐστί
561 2138 606 2196 καί
619 2140 740 2201 Μεδεών.
754 2141 830 2200 Μετά
986 2142 1054 2193 Delu
1064 2141 1159 2193 Ooelea
1173 2141 1235 2193 urbs
1247 2152 1319 2193 estet
1334 2142 1458 2194 Medeon·
1472 2146 1533 2196 Post

152 2244 193 2285 νοο
207 2224 304 2295 ταύτην
319 2224 455 2283 ὑπόκειται
468 2223 590 2297 eursu,
605 2217 664 2307 κᾷτ’
678 2228 791 2307 ε’χομένη
985 2229 1053 2281 banc
1062 2230 1111 2281 sita
1123 2230 1254 2299 Thespia,
1270 2228 1331 2281 dein
1343 2240 1490 2299 sequuntur

152 2448 290 2489 accentum
303 2455 404 2507 ponens
424 2440 451 2490 in
467 2438 688 2509 antepenultima,
705 2458 787 2510 quare
804 2458 858 2492 non
875 2442 938 2493 scri·
985 2442 1147 2508 significavit.
1156 2441 1299 2494 Cl.Suidas
1310 2442 1430 2512 Ἐμέσων,
1440 2443 1509 2505 πόλις
1518 2442 1724 2503 Βοιωτίας.1είοπι
1734 2443 1773 2493 ut·

152 2519 194 2587 psi
218 2534 278 2569 cum
296 2517 429 2570 Meinelrio
451 2518 613 2588 Rumpimus,
637 2518 710 2589 quod
730 2518 835 2572 dicendi
856 2538 938 2589 genus
985 2522 1074 2588 ρέοιον,
1086 2520 1157 2581 πόλις
1168 2520 1294 2583 Βοιωτίας.
1306 2522 1495 2574 llancalteram
1504 2524 1660 2592 scripturam
1669 2532 1773 2573 secutus

153 2600 274 2671 exemplo
286 2602 313 2651 in
328 2602 456 2670 Dionysio
467 2611 547 2653 caret.
563 2602 686 2655 Ceterum
703 2601 736 2655 de
747 2602 884 2655 conditore
896 2620 940 2655 ur·
984 2608 1024 2649 est
1032 2601 1121 2669 Etym.
1132 2600 1170 2650 Μ.
1181 2616 1208 2669 p.
1221 2599 1282 2663 303,
1294 2617 1336 2665 11,
1349 2611 1375 2653 et
1384 2601 1470 2653 Plinio
1483 2602 1531 2664 IV,
1546 2617 1577 2652 ra
1587 2617 1636 2670 pro
1647 2600 1773 2669 Hyrerioa

155 2678 195 2729 bis
205 2680 353 2749 Cyparisso,
368 2680 463 2748 Minyae
473 2679 543 2744 lilio,
560 2679 666 2733 laudant
679 2681 840 2751 Stephanum
859 2699 881 2732 s.
901 2699 938 2745 ια,
984 2680 1098 2730 restituit
1111 2677 1238 2730 Mullerus
1254 2679 1372 2732 Orodem.
1388 2698 1415 2750 p.
1434 2680 1481 2744 56,
1500 2680 1546 2732 ubi
1560 2677 1673 2747 Silligius
1688 2677 1772 2733 edidit

154 2758 237 2811 schol.
249 2760 329 2810 Hom.
348 2757 379 2810 Il.
400 2774 427 2821 a,
449 2759 509 2825 519,
527 2760 652 2811 Nonnurn
672 2760 751 2811 Dion.
775 2760 849 2823 XIII,
868 2761 938 2812 123:
985 2757 1119 2819 Hilesiou,
1142 2756 1213 2827 quod
1234 2758 1256 2808 si
1270 2757 1400 2811 librorum
1421 2759 1576 2811 auctoritate
1592 2758 1696 2823 nititur,
1719 2776 1772 2810 non

154 2837 258 2902 ‘Iturisa
271 2838 296 2888 οἳ
316 2837 468 2906 Κυπαρίοσου
486 2834 559 2906 εἶχον
580 2838 643 2898 ἕδος.
669 2838 679 2905 ΙΙ
694 2868 729 2877 -
744 2840 788 2891 81.
812 2838 938 2908 Κρῖοά]
985 2835 1117 2904 improbo.
1127 2836 1181 2887 Nec
1191 2832 1303 2887 dubium
1315 2846 1353 2888 cst
1363 2837 1427 2906 quin
1438 2835 1508 2888 idem
1517 2837 1551 2887 sit
1560 2835 1687 2905 oppidum
1700 2834 1772 2904 qu'od

154 2916 246 2986 λέρισά
267 2914 368 2981 codex,
392 2914 499 2985 λάρισσά
518 2915 581 2969 olim
599 2915 674 2970 editt.
703 2917 805 2970 Larissa
829 2916 941 2969 Phocicn
985 2914 1104 2966 Homero
1124 2913 1155 2966 Il.
1170 2916 1215 2977 II,
1229 2918 1281 2983 499
1295 2924 1322 2967 et
1335 2913 1432 2969 Nonno
1450 2916 1532 2968 Dion.
1553 2916 1634 2979 XIII,
1655 2918 1686 2967 61
1704 2913 1774 2968 Είλέ-

153 2997 253 3060 ῑςςποῐιι.
276 2998 365 3062 Quare
388 2995 478 3064 Κρῖσαν
499 2996 638 3047 memorari
658 3013 674 3046 a
700 2995 828 3065 Dionysio
852 2995 942 3048 statuit
986 3012 1039 3044 οων
1053 2992 1159 3045 dicitur.
1176 2994 1326 3063 Utrumque
1339 3011 1436 3046 nomen
1450 2994 1544 3046 urbem
1559 2993 1629 3046 illam
1642 2995 1772 3063 antiquis·

153 3085 225 3126 recte
245 3073 438 3144 proculdubio
458 3073 611 3127 Harduinus
630 3072 663 3126 ad
682 3073 796 3126 Plinium
824 3085 890 3127 tom.
913 3077 940 3138 1,
985 3072 1058 3123 simis
1072 3071 1234 3142 temporibus
1245 3073 1272 3124 iu
1284 3071 1376 3126 humili
1388 3083 1415 3125 et
1425 3071 1609 3141 navigantibus
1621 3082 1774 3142 opportuno

155 3169 182 3222 p.
195 3154 255 3217 501,
266 3151 424 3221 suffragante
433 3152 575 3217 Meioekio,
591 3153 637 3221 qui
647 3153 747 3204 Crisam
760 3170 820 3205 cum
829 3151 941 3205 Daulida
986 3150 1044 3203 loco
1057 3151 1133 3202 sitam
1155 3150 1233 3203 luisse
1245 3150 1361 3217 iudicat,
1375 3162 1466 3222 postea
1486 3149 1683 3203 subsidentibus
1698 3153 1773 3220 aquis

152 3230 277 3300 conjungi
291 3241 381 3284 monet
390 3233 468 3284 ctiam
481 3249 524 3302 ap.
538 3232 647 3284 Homer.
662 3231 693 3283 Il.
710 3233 746 3295 11,
760 3231 828 3284 520:
848 3231 939 3302 Κρῖσάν
986 3231 1014 3282 in
1028 3230 1081 3282 alto
1089 3229 1177 3299 jacere
1190 3231 1242 3282 visa
1258 3241 1314 3294 cst,
1337 3230 1408 3284 unde
1429 3230 1564 3301 ἀκρότατον
1578 3229 1690 3299 appellat
1708 3231 1773 3281 Dio·

154 3329 180 3361 τε
195 3307 283 3377 ζαθέην
296 3310 337 3362 καί
355 3310 480 3374 Δαυλίδα,
497 3311 659 3363 etNonnum
676 3311 756 3362 Dion.
769 3312 851 3374 XIII,
866 3312 916 3363 223
933 3329 938 3362 :
986 3306 1085 3380 ny‘sius.
1100 3335 1111 3354 ι
1128 3312 1267 3362 Mamers.
1281 3310 1376 3363 Strabo
1389 3312 1443 3372 IX,
1462 3328 1490 3381 p.
1506 3314 1558 3372 406
1572 3325 1578 3360 :
1594 3307 1672 3369 Ἕλος
1691 3309 1773 3361 τεκαὶ

155 3389 247 3459 Ιίρΐσαν
257 3387 401 3459 άειθομίνην
413 3389 585 3452 retractum
597 3387 630 3441 de
639 3389 711 3441 Crisa
722 3399 809 3441 autem
824 3390 941 3442 aCirrha
991 3385 1085 3439 Ἕλεὼν
1096 3387 1138 3439 καὶ
1153 3387 1264 3440 Εἰλέσιον
1284 3387 1375 3454 ἐκλήθη
1395 3387 1435 3439 eu
1451 3388 1480 3441 τθ
1499 3387 1538 3441 ἐπὶ
1548 3388 1601 3447 τοῖς
1623 3386 1690 3439 ἕλεσι
1708 3387 1773 3457 {Bp-i·

154 3467 238 3537 probc
257 3467 457 3538 distinguenda,
480 3485 565 3538 neque
584 3485 646 3519 cum
666 3467 795 3520 Strabone
816 3467 849 3520 ad
871 3486 942 3521 mare
986 3466 1050 3517 σθαι·
1068 3469 1111 3518 νῦν
1125 3466 1151 3518 δὲ
1163 3465 1211 3536 οὔχ
1223 3465 1315 3536 ὁμοίως
1330 3466 1385 3536 ἔχει
1396 3470 1473 3519 ταῦτα
1492 3465 1717 3532 ῆάνοικισθένταῆ
1731 3469 1774 3532 τῆς

152 3545 317 3610 collocanda,
329 3546 417 3600 laudat
429 3547 463 3598 II.
476 3548 511 3599 N.
523 3546 684 3600 Ulrichsiurn
694 3546 720 3598 in
732 3547 795 3598 ltin.
809 3563 849 3614 gr.
860 3550 882 3610 I,
896 3552 940 3610 al.
986 3545 1075 3615 λίμνης
1090 3545 1193 3599 ἐπιπολὺ
1207 3547 1397 3613 ταπεινωθείσης
1410 3546 1450 3598 διὰ
1464 3545 1507 3607 τὰς
1524 3545 1625 3614 ὕστερον
1642 3547 1774 3615 γενομένας

155 3626 208 3676 Pro
218 3623 307 3686 Δαυλίς
319 3624 402 3677 codex
412 3625 434 3675 δ’
449 3624 517 3686 αίλις
526 3625 597 3696 (sic).
613 3625 624 3692 ll
638 3653 675 3664 —
687 3626 731 3677 82.
742 3623 868 3676 ἀπόκειται
880 3625 939 3678 cod.
987 3623 1101 3695 ἔκρθοεις.
1124 3627 1135 3694 ll
1156 3655 1192 3666 -
1211 3625 1256 3693 93.
1269 3625 1358 3677 Verba
1375 3625 1427 3695 μετ’
1441 3623 1469 3676 ob
1488 3625 1552 3678 πολὺ
1563 3622 1679 3694 Τάναγρα
1690 3622 1724 3677 ad
1739 3625 1773 3676 si-

154 3721 207 3756 ern.
216 3704 285 3757 Gall.
297 3706 308 3773 4
317 3733 354 3746 -
364 3705 407 3757 85.
416 3703 571 3774 ὀροπὸςοοιλ.
585 3706 594 3771 ll
609 3705 695 3756 -86.
710 3702 877 3774 ἀπέχοιντοτί.
887 3707 899 3772 {l
908 3736 943 3746 -
987 3714 1044 3756 tum
1064 3715 1090 3756 et
1104 3705 1197 3757 seriem
1219 3704 1339 3756 locorum
1353 3721 1447 3775 parum
1462 3701 1669 3756 accommodata.
1685 3704 1774 3768 Quare

155 3787 200 3836 90.
223 3781 391 3854 Ἀγαμέμνονα
413 3782 460 3836 εἴτ’
474 3782 615 3854 έμπερέσιον
630 3781 723 3835 codex.
747 3807 758 3828 ι
775 3784 865 3836 Dianae
879 3795 942 3836 tem·
986 3782 1094 3836 suerunt
1107 3784 1152 3853 qui
1166 3800 1216 3854 pro
1227 3783 1345 3852 Τάναγρα
1359 3781 1453 3834 vellent
1467 3783 1592 3852 λάρυμνα,
1608 3782 1646 3833 uti
1661 3780 1771 3833 Gailius.

155 3861 228 3931 plum
240 3862 273 3914 ab
288 3865 485 3932 Agamemnone
504 3861 641 3916 conditum
661 3873 851 3916 commemorat
867 3863 942 3915 Calli·
991 3864 1002 3930 l
1017 3893 1053 3906 —
1065 3864 1107 3931 95.
1122 3864 1179 3914 Sec.
1193 3861 1372 3914 Dicaearchum
1383 3861 1497 3913 ambitus
1506 3870 1560 3913 erat
1572 3858 1716 3911 stadiorum
1728 3860 1773 3926 37.

156 3940 264 3993 machus
281 3939 313 3993 fr.
329 3958 381 4010 72:
396 3939 440 4006 τὴν
453 3941 619 4011 ῶγαμέμνων,
632 3939 689 4000 abab
705 3942 788 4010 μῦθος,
803 3942 896 4006 εἵσατο,
910 3941 942 3994 ad
991 3944 1002 4009 ΙΙ
1018 3973 1054 3982 -
1074 3947 1118 4010 96.
1135 3941 1197 4010 μετ’
1215 3940 1249 3992 οὗ
1267 3940 1374 4011 πολὺ]
1395 3942 1432 3992 sic
1452 3941 1627 4002 Letronnius;
1649 3936 1709 4008 perd
1730 3939 1774 3988 δίο

155 4035 215 4086 quae
224 4019 362 4092 llentleyus
375 4037 430 4072 non
445 4021 585 4072 immemor
599 4019 649 4071 suit
671 4020 794 4071 carminis
810 4020 942 4088 Tlreogni·
986 4020 1085 4084 codem
1097 4018 1151 4072 εἶτα
1165 4020 1217 4089 μεθ’
1230 4019 1316 4072 ἑκατὸν
1330 4020 1377 4091 (sc.
1389 4018 1498 4088 στάδια),
1511 4017 1637 4071 Mirllerus
1653 4017 1771 4069 orclem.

155 4095 218 4149 dei:
242 4095 337 4168 Ἄρτεμι
357 4098 496 4168 θηρογόνη,
520 4099 624 4169 θύγατερ
642 4099 706 4161 Διός,
729 4101 758 4164 ἣν
787 4097 943 4170 Ἀγαμέμνων
987 4116 1014 4169 p.
1029 4101 1090 4162 483.
1105 4100 1183 4151 Ifitto
1197 4098 1308 4151 aliorum
1321 4097 1484 4167 conjecturas
1496 4098 1584 4149 minus
1598 4093 1774 4147 etiamseren·

156 4175 245 4241 εἴσιθ’,
258 4177 294 4228 ὅτ’
304 4175 336 4237 είς
344 4178 433 4247 Τροίην
445 4176 516 4232 ἔπλεε
527 4178 597 4243 νηυσί
610 4179 687 4239 θοαῖς.
703 4182 740 4230 Ac
752 4178 857 4231 suerunt
865 4183 942 4232 etiam
987 4177 1044 4230 das.
1053 4177 1200 4230 Meinelrius
1209 4175 1279 4246 conj.
1292 4174 1348 4230 εἶτα
1359 4177 1502 4245 llud-soror
1516 4174 1628 4244 (collato
1641 4173 1774 4244 Stephano

156 4254 206 4306 alia
225 4266 396 4308 monumenta
416 4258 506 4308 utana
534 4254 666 4326 placandae
693 4255 727 4308 ab
748 4259 944 4324 Agamemnone
988 4256 1049 4309 ab.
1063 4275 1087 4307 ν.
1100 4259 1120 4324 );
1134 4257 1269 4308 sietameo
1282 4256 1348 4308 male
1357 4254 1506 4324 junguntur
1514 4253 1658 4322 sequentia,
1672 4263 1773 4322 postea·

155 4332 287 4398 dedicata,
303 4334 372 4395 velut
386 4333 459 4386 navis
479 4333 521 4385 illa
536 4331 606 4403 apud
627 4334 767 4386 Geraestios
786 4337 944 4406 aProcopio
986 4353 1039 4404 que
1052 4334 1198 4387 Meinelrius
1210 4334 1243 4386 ad
1253 4333 1376 4405 Stephao.
1390 4335 1451 4404 Byr.
1464 4351 1492 4404 p.
1506 4335 1558 4395 448
1571 4329 1774 4402 proposuitrlra

155 4411 220 4466 Bell.
241 4413 324 4466 Goth.
339 4414 388 4477 IV,
411 4429 445 4466 aa
459 4421 603 4464 memorata
617 4430 678 4463 cum
697 4412 748 4464 boc
767 4413 864 4465 titulo:
888 4415 944 4480 Νῆα
989 4415 1042 4484 μετ’
1065 4413 1163 4484 ὀλίγον.
1185 4414 1297 4483 Propius
1317 4412 1350 4466 ad
1373 4413 1481 4465 traditas
1504 4412 1601 4464 litteras
1622 4427 1775 4481 moremque

157 4491 275 4562 μέλαιναν
293 4491 408 4562 lupricato
428 4493 480 4562 τῇδ’
499 4489 658 4561 Ἀγαμέμνων
684 4489 813 4556 Ἑλλήνων
831 4499 944 4563 στρατιῆς
987 4494 1104 4547 auctoris
1120 4491 1234 4554 accedit,
1253 4509 1340 4562 neque
1353 4493 1443 4544 metris
1462 4490 1628 4560 Dionysianis
1648 4500 1776 4560 repugnat

156 4575 224 4640 σῆμα
234 4570 408 4642 πλοίζομένης.
422 4575 544 4640 Quorum
552 4587 674 4623 versuum
687 4571 797 4640 primus,
806 4572 847 4622 cui
861 4591 944 4643 usque
988 4569 1138 4640 conjectura
1150 4571 1289 4623 Letronni.
1304 4568 1432 4622 Particula
1445 4567 1471 4620 bl
1484 4577 1544 4637 post
1561 4565 1645 4618 Κῶπαι
1664 4567 1775 4619 metrico

157 4648 312 4703 Dindorlius
327 4665 412 4720 neque
423 4649 581 4703 Welclterus
590 4649 651 4720 Syll.
664 4650 747 4718 epigr.
760 4667 786 4718 p.
803 4655 855 4704 aab
867 4669 943 4722 opem
989 4649 1106 4703 molesta.
1120 4650 1131 4717 ΙΙ
1142 4679 1178 4690 -
1187 4666 1232 4718 97.
1244 4647 1349 4701 λεθαδια
1360 4649 1436 4715 (siue
1450 4665 1504 4700 acc.
1518 4645 1580 4716 )κα“ι
1595 4645 1659 4716 ἱερὸν
1673 4645 1772 4710 coder;

157 4727 283 4793 tulerunt,
298 4730 333 4781 itu
346 4727 563 4796 redintegrandus
579 4739 635 4779 est:
654 4729 708 4794 Νῆά
725 4747 754 4797 με
772 4727 872 4781 λαϊνέσν
886 4729 941 4782 κτλ.
988 4746 1041 4780 em.
1054 4729 1135 4780 Mein.
1155 4728 1165 4792 ΙΙ
1186 4745 1244 4781 roo.
1260 4725 1381 4779 θεσπεσία
1395 4725 1489 4789 codex,
1503 4723 1606 4777 θεοπιαί
1619 4723 1714 4794 vulgo,
1727 4724 1774 4777 θε-

157 4807 180 4856 Ε
200 4806 329 4876 lapidibus
351 4806 421 4858 enim
439 4823 532 4858 navem
555 4805 623 4858 illam
646 4816 770 4858 structam
793 4805 870 4860 fuisse
891 4809 945 4878 ipse
988 4808 1047 4859 οπιά
1058 4806 1221 4869 Memmius,
1233 4806 1267 4857 de
1278 4815 1387 4858 accentu
1407 4804 1517 4857 laudans
1529 4803 1709 4856 Herodianum
1729 4821 1773 4874 ap.

157 4881 282 4936 indicavit
297 4885 451 4954 Procopius.
467 4886 665 4955 Empcresium,
681 4884 753 4956 quod
771 4887 849 4938 tertio
868 4895 943 4939 versu
988 4886 1071 4938 sclrol.
1086 4888 1155 4938 Ven.
1170 4887 1250 4937 Iloua.
1266 4885 1297 4937 ll.
1318 4887 1361 4948 II,
1380 4901 1438 4938 ror.
1454 4883 1617 4953 singularem
1633 4900 1775 4936 numerum

158 4970 329 5024 memoratur,
342 4963 482 5033 Kicpertus
496 4972 585 5014 noster
596 4963 624 5014 iu
640 4963 747 5015 Euboeae
756 4963 843 5015 littore
854 4963 943 5017 Aulidi
988 4965 1066 5016 etiam
1080 4965 1233 5033 insequenti
1249 4981 1325 5014 versu
1336 4963 1473 5015 restituere
1485 4963 1563 5014 velim
1577 4980 1627 5033 pro
1637 4961 1761 5012 Πλαταιαί
1765 5005 1769 5013 .

157 5039 268 5092 adverso
278 5040 376 5110 posuit,
387 5041 414 5092 in
426 5058 480 5110 quo
492 5042 541 5093 nisi
555 5041 656 5109 ignotos
667 5043 731 5094 milri
740 5047 859 5094 auctores
870 5061 944 5095 secu-
988 5044 1021 5095 In
1031 5042 1121 5109 codice
1131 5061 1155 5093 αι
1167 5053 1192 5094 et
1204 5061 1220 5093 α
1233 5043 1268 5093 ita
1277 5051 1428 5104 exarantur,
1440 5052 1468 5094 ut
1476 5039 1625 5093 differentia
1637 5039 1690 5091 sere
1703 5041 1775 5097 nulla

159 5130 202 5172 tus
213 5129 267 5183 est,
283 5136 298 5171 a
316 5136 379 5172 vero
398 5119 536 5171 aberravit.
550 5122 627 5172 Ilectc
637 5122 693 5173 siue
707 5121 790 5173 dubio
805 5139 858 5174 ιιοιι
872 5123 946 5174 iutel-
989 5123 1033 5178 sit.
1046 5116 1182 5174 Εθθεοπιά
1192 5131 1219 5172 et
1232 5120 1341 5172 Πλατειά
1354 5130 1393 5172 est
1406 5121 1589 5184 Homericum,
1603 5116 1774 5170 Homericum

159 5199 241 5250 lectus
251 5195 397 5249 editoribus
410 5195 559 5249 Holstenius
572 5194 637 5249 εἶτεν
653 5196 762 5269 ’Epium
776 5197 943 5253 scribendum
990 5212 1078 5254 autem
1096 5201 1272 5253 Iloeoticarum
1289 5200 1394 5253 urbium
1414 5200 1558 5270 catalogum
1577 5196 1713 5250 oboculos
1728 5196 1775 5248 ha·

271 5304 354 5342 crocu.
366 5301 384 5341 1.
1644 5302 1669 5342 tu
