3950 5925
231 434 287 485 stt
952 422 1115 481 auutaut

110 608 116 622 ‚
230 544 455 623 αὖτοῖσινοῦκῆν.
499 550 616 623 Ἐσθῆτα
628 549 656 609 δὲ
666 550 770 632 ἐφόρεον
782 549 900 631 δέρματα
910 548 1013 628 θήρεια·
1055 576 1109 612 non
1131 570 1195 613 erat.
1235 562 1377 625 Ferarum,
1395 571 1421 613 et
1439 556 1549 631 quidam
1570 560 1649 613 etiam
1670 556 1861 611 crassioribus

230 643 254 698 ei
266 640 294 699 il
304 639 350 697 καλ
359 638 456 717 ἰχθύων
465 641 517 696 τῶν
529 637 652 716 μεγάλων
666 637 701 695 τὰ
712 637 812 716 παχέα.
1055 648 1194 717 grandium
1207 650 1318 719 piscium
1328 650 1406 701 coriis
1418 664 1473 701 sese
1482 648 1635 701 vestiebant.

271 726 364 787 XXV.
388 724 520 785 Ἐνταῦθα
540 724 695 781 νεωλκέουσι
718 722 764 789 τὰς
785 724 862 798 νίας,
884 722 931 782 eei
952 722 1013 781 ὅσαι
1091 736 1177 787 XXV.
1198 734 1332 787 Nearchus
1342 735 1385 787 hic
1401 752 1479 786 naves
1494 735 1522 785 in
1536 733 1607 787 littus
1621 732 1751 797 subduci,
1773 750 1857 801 qnas-

231 820 405 883 πεπονηκυῖσι
433 811 534 869 αὐτέων
562 811 773 883 ἐπισκευάζουσι.
824 813 868 889 Τῇ
897 809 925 869 δὲ
949 809 1012 888 ἕκτῃ
1055 830 1173 891 setasque
1184 820 1255 873 refici
1272 818 1359 890 jubet.
1396 822 1474 873 Sexto
1490 819 1534 872 die
1554 820 1752 888 navigationem
1778 836 1858 888 repe-

193 917 206 955 t
231 899 317 978 ἡμέρῃ
334 897 501 975 ἐστέλλοντο,
526 899 572 956 καὶ
586 897 739 965 πλώσαντες
759 900 879 965 σταδίους
894 900 919 964 ἐς
939 920 1013 976 τριη·
1055 916 1124 970 tunt,
1140 906 1315 976 trecentisque
1328 904 1417 957 stadiis
1437 906 1548 957 emensis
1566 906 1593 957 in
1605 904 1694 957 locum
1710 904 1855 975 quendam

230 987 331 1053 κοσίους
346 986 512 1045 ἀπικνέονται
527 988 552 1050 ἐς
565 985 708 1065 χῶρον,ὃς
729 984 762 1057 δὴ
783 984 892 1063 ἔσχατος
913 976 944 1056 ἦν
967 988 1015 1055 τῆς
1056 993 1223 1063 perveniunt,
1238 991 1284 1062 qui
1303 992 1439 1044 Oritarttm
1457 990 1571 1058 regionis
1587 982 1627 1043 est
1640 989 1751 1042 ultimus
1769 1006 1777 1042 :
1795 992 1855 1043 hia-

231 1072 370 1154 Ὠρειτέων
380 1076 436 1151 γῆς·
448 1071 564 1132 Μαλανα
578 1076 616 1153 τῷ
629 1072 711 1153 χώρῳ
722 1071 831 1148 οὔνομα.
875 1069 908 1149 (τ)
924 1071 1013 1149 Ὦρεῖ-
1055 1079 1114 1132 iana
1130 1079 1292 1133 eumlocum
1310 1088 1414 1132 vocant.
1451 1080 1492 1147 (a)
1504 1078 1585 1131 Oritae
1596 1078 1642 1151 qui
1653 1076 1853 1133 madiam-anea

230 1184 274 1220 ται
292 1161 319 1219 δὲ
334 1161 390 1219 ὅσοι
405 1160 459 1219 ἄνω
476 1159 529 1217 ἀπὸ
547 1160 681 1233 Θαλάσσης
695 1158 837 1230 οἰκέουσιν,
860 1158 1015 1235 ἐσταλμένοι
1056 1164 1111 1218 loea
1121 1165 1249 1229 incolunt,
1259 1163 1351 1218 eodem
1361 1163 1631 1235 quidemhabituquo
1643 1164 1704 1218 Indi
1722 1175 1852 1224 utuntur.

230 1248 280 1325 μὲν
293 1248 413 1327 κατάπερ
428 1247 506 1308 Ἰνδοί
521 1245 651 1317 εἷσι,’καλ
668 1246 702 1305 τα
717 1250 743 1314 ἐς
760 1246 883 1323 cuiqam
890 1244 1016 1313 ὡσαύτως
1056 1252 1203 1323 eodemque
1220 1251 1302 1305 modo
1315 1261 1470 1305 armantur:
1487 1251 1575 1321 lingua
1590 1269 1652 1304 vero
1667 1264 1747 1323 atque
1775 1255 1853 1305 insti-

190 1357 214 1395 ιυ
231 1334 432 1415 παραρτέονται·
447 1337 555 1412 γλῶσσα
577 1334 604 1391 δὲ
623 1333 691 1406 ἄλλη
713 1335 814 1392 αὖτοῑσι
828 1333 874 1391 καὶ
888 1332 1016 1391 ἄλλανό-
1058 1340 1121 1392 tutis
1147 1338 1285 1391 diiierunt.
1324 1339 1365 1407 (3)
1393 1337 1544 1406 Longitudo
1570 1337 1649 1409 hujus
1674 1340 1853 1407 navigationis

232 1446 310 1498 μαια,
355 1426 387 1499 (υ)
402 1426 493 1493 Minoe
504 1427 549 1480 τοῦ
566 1422 707 1501 παράπλου
717 1420 791 1500 παρὰ
801 1420 849 1497 μὲν
864 1421 953 1500 χώρην
966 1418 1015 1491 τὴν
1057 1435 1152 1497 praeter
1165 1424 1294 1479 Arabium
1306 1441 1379 1476 oram
1392 1434 1430 1476 est
1447 1422 1594 1477 stadiorum
1613 1423 1683 1477 mille
1696 1424 1731 1479 ab
1745 1444 1780 1477 eo
1793 1425 1852 1477 loco

234 1507 361 1587 Ἄραὸίων
377 1510 402 1574 ἐς
415 1506 514 1587 χιλίους
524 1506 640 1583 μάλιστα
652 1506 783 1578 σταδίους,
798 1506 918 1587 ἔνθενπερ
929 1504 1018 1586 cippi·
1058 1510 1131 1564 uude
1146 1509 1293 1574 solverant,
1313 1526 1389 1561 secus
1407 1508 1542 1561 Oritanum
1555 1508 1689 1578 regionem
1707 1508 1781 1562 mille
1794 1527 1852 1562 ses·
1964 1550 1965 1565 t

161 1636 168 1647 .
233 1593 428 1673 θησανρπσρὰ
442 1593 469 1652 δὲ
483 1594 531 1665 τὴν
547 1593 686 1673 Ὠρειτέων
698 1598 746 1671 γῆν
760 1592 890 1661 ἑξακόσιοι
905 1594 951 1652 καὶ
969 1594 1034 1673 χῖ-,
1058 1608 1205 1651 centorum.
1244 1600 1285 1666 (l)
1306 1598 1429 1650 Ceterum
1448 1595 1514 1648 dum
1531 1594 1787 1667 pretemevigsbaut
1808 1598 1851 1649 In·
1964 1584 1965 1611 ¹

232 1683 293 1741 λιοι.
337 1680 370 1760 (ι)
385 1681 605 1761 ΙΙαραπλωόντων
625 1680 652 1739 δὲ
672 1681 720 1752 τὴν
737 1681 827 1740 Ἰνδῶν
843 1685 893 1757 γῆν
910 1681 961 1757 (τὸ
975 1684 1016 1738 ἐν·
1058 1684 1155 1737 dorum
1167 1685 1301 1753 regionem
1315 1682 1429 1749 (abhoc
1440 1682 1511 1734 euim
1521 1681 1580 1735 loco
1592 1700 1646 1733 non
1658 1682 1771 1753 amplius
1788 1684 1850 1735 Indi

194 1788 218 1824 rs
232 1771 320 1825 τεῦθον
333 1766 385 1847 γὰρ
405 1767 493 1826 οὐκέτι
506 1763 585 1826 Ἰνδοί
603 1767 672 1845 εἰσι)
696 1768 767 1846 λέγει
781 1768 905 1847 Νέαρχος
926 1766 966 1825 ὅτι
987 1772 1014 1826 αἱ
1059 1773 1140 1839 sunt)
1160 1769 1281 1823 Nearcho
1293 1777 1400 1821 auctore
1413 1766 1515 1821 umbrae
1530 1784 1585 1819 nou
1595 1767 1691 1820 οοιΙεοι
1705 1768 1788 1821 modo
1803 1769 1850 1821 {ie-

232 1855 305 1912 σκιαὶ
313 1856 428 1913 αὐτοῖσιν
442 1854 563 1912 eiecticia
577 1854 686 1913 ἐποίεον·
702 1857 737 1933 (ιι)
751 1855 819 1913 ἀλλὰ
833 1854 896 1913 ὅκου
909 1855 957 1931 μὲν
969 1856 1013 1912 inl
1053 1855 1140 1928 ¹bant:
1155 1854 1196 1922 (5)
1214 1853 1261 1906 sed
1271 1852 1316 1906 ubi
1328 1853 1442 1922 longeio
1452 1870 1525 1905 mare
1538 1852 1678 1906 meridiem
1689 1870 1778 1906 rersrrs
1788 1870 1850 1925 pro

232 1940 329 1999 πολλὸν
340 1946 385 1998 τοῦ
400 1940 495 1999 πόντου
504 1944 541 2007 ὡς
550 1940 614 2020 πρὸς
626 1941 794 2021 μισημόρίην
804 1935 1016 2021 προχωρήσειαν,
1060 1938 1197 2003 cedebant,
1219 1939 1255 1991 lbi
1275 1940 1336 2009 51¹⁵ae
1349 1941 1428 1992 eiiam
1442 1938 1543 1991 umbi&
1556 1940 1585 1991 5¹¹
1606 1939 1743 1992 meridiem
1758 1958 1849 2010 terge·

268 2108 355 2173 XXV,
367 2127 393 2177 7.
406 2108 557 2162 ΜάλαιιαΙ)
573 2120 600 2162 et
615 2110 675 2162 eod.
688 2110 776 2174 Bodl.;
792 2109 932 2181 respondet
943 2109 1017 2162 loeus
1061 2126 1095 2162 au
1108 2118 1177 2161 texte
1188 2108 1222 2161 de
1234 2110 1367 2178 Nearque;
1381 2124 1425 2161 car
1434 2125 1468 2159 on
1482 2107 1537 2159 voit
1547 2106 1610 2177 qu’il
1620 2106 1732 2159 eherche
1745 2105 1761 2159 'a
1768 2106 1847 2177 justi-

231 2184 363 2239 hodierno
372 2190 425 2239 iias
442 2187 531 2240 Melia
549 2203 597 2239 seu
611 2187 715 2241 Melan.
730 2188 742 2257 ΙΙ
753 2216 790 2228 -
803 2208 830 2256 9.
843 2186 877 2239 oi.
897 2185 972 2238 Ἰνδοὶ
981 2190 1015 2240 Λ.
1060 2187 1108 2239 iier
1117 2205 1165 2239 son
1173 2188 1371 2259 interpretation
1382 2182 1705 2257 parl'exempledeoequi
1715 2185 1848 2239 s’ohserve

233 2266 247 2337 ΙΙ
256 2281 342 2317 -ιο,
352 2264 430 2335 ripae
440 2266 518 2320 BCD.
538 2264 1014 2336 ll—ri.1tioo]sieetiamPlinius;
1059 2262 1075 2317 'a
1089 2265 1172 2335 Syene
1189 2274 1216 2317 et
1228 2265 1332 2329 Meroe',
1348 2263 1438 2335 quand
1455 2263 1480 2316 ie
1498 2262 1571 2316 soleil
1584 2280 1702 2334 passeau
1712 2264 1799 2316 aeuith
1812 2264 1849 2317 de

231 2341 326 2395 Strabo
340 2360 367 2412 p.
383 2359 436 2411 700
454 2354 576 2396 numerat
591 2346 673 2408 1800;
688 2344 760 2397 idem
775 2355 861 2397 umen
874 2361 903 2415 ρ.
916 2348 968 2413 704
981 2343 1016 2397 ab
1060 2362 1103 2397 oes
1116 2344 1196 2397 villee.
1207 2343 1229 2396 Il
1240 2342 1283 2397 u'a
1295 2343 1343 2397 tait
1355 2342 1562 2413 lechangement
1575 2340 1718 2395 dontnous
1727 2342 1846 2414 ρατλοοσ,

231 2418 301 2471 Indo
318 2418 455 2490 usquead
480 2421 645 2475 Carmaniam
666 2421 795 2475 dicitasse
816 2421 900 2475 stadia
918 2439 1014 2488 10000,
1060 2439 1112 2492 que
1123 2438 1193 2492 pour
1210 2440 1237 2473 se
1250 2419 1401 2473 conformer
1413 2438 1465 2473 aux
1483 2418 1554 2472 idries
1567 2418 1601 2472 de
1612 2438 1661 2473 sen
1673 2419 1759 2485 siecle,
1770 2422 1847 2475 c'est-

231 2516 291 2569 quae
299 2514 403 2551 summa
414 2508 470 2553 tum
478 2497 587 2552 demum
595 2500 709 2554 efficitur
720 2500 742 2553 si
751 2502 802 2553 hoc
813 2500 872 2553 loco
885 2518 934 2571 pro
949 2502 1017 2555 1800
1059 2498 1147 2553 i·dire
1155 2518 1205 2553 aux
1213 2500 1335 2571 opinions
1343 2498 1390 2552 des
1396 2498 1555 2568 geographos
1564 2496 1597 2551 de
1606 2498 1695 2552 l'eoole
1703 2498 1847 2553 d’atexan-

231 2594 314 2646 ponas
328 2580 412 2640 1600,
424 2576 470 2630 sed
481 2594 565 2647 quum
576 2596 604 2649 p.
618 2595 671 2647 720
682 2596 714 2630 ex
725 2578 828 2649 reliquo
836 2588 961 2649 computo
972 2596 1017 2649 pa·
1060 2578 1128 2642 drie,
1144 2596 1222 2649 parce
1237 2576 1468 2649 qu’Emtosthienes
1487 2587 1515 2630 et
1531 2594 1597 2630 oeux
1614 2578 1662 2647 qui
1679 2578 1744 2631 l’out
1764 2582 1844 2644 seiri,

232 2665 280 2719 tet,
295 2673 349 2708 non
363 2656 468 2708 subesse
483 2655 630 2710 scribarum
651 2674 781 2720 errorem,
799 2674 827 2728 p.
849 2661 900 2727 724
915 2676 961 2709 ore
974 2674 1017 2711 ro-
1060 2658 1165 2711 aroient
1175 2656 1247 2728 place
1256 2666 1342 2710 tontes
1352 2656 1388 2710 les
1402 2656 1518 2711 bouchet
1529 2655 1563 2709 de
1575 2656 1685 2721 l’lndus,
1697 2656 1722 2709 la
1731 2658 1846 2712 edtedoe

233 2732 319 2786 tundo
332 2732 400 2785 dixit
414 2751 499 2789 10000
514 2751 565 2806 pro
587 2751 683 2788 10000.
697 2736 750 2788 Sua
770 2736 864 2788 Strabo
881 2737 974 2789 sumsit
984 2754 1016 2789 ex
1061 2735 1184 2800 Arbiens,
1198 2736 1261 2789 oelle
1278 2736 1325 2789 des
1344 2737 1431 2789 Oritas
1444 2745 1470 2788 et
1485 2733 1520 2788 de
1539 2734 1720 2800 laGedrosie,
1732 2754 1767 2789 au
1779 2738 1845 2790 midi

232 2812 413 2865 Eratosthene.
438 2815 537 2884 Reapse
559 2830 612 2867 orae
633 2812 773 2883 longitudo
797 2814 867 2867 linea
883 2825 954 2869 recta
977 2824 1018 2867 est
1060 2813 1098 2867 du
1110 2817 1241 2887 tropique.
1261 2816 1396 2869 Peut-etne
1409 2824 1477 2869 cette
1492 2816 1620 2868 ancienne
1633 2816 1743 2885 opinion
1753 2816 1846 2869 feroit-

231 2906 286 2957 9⁰⁰
297 2888 457 2957 stadiorum3
471 2891 541 2945 inter
559 2908 627 2946 1000
642 2902 669 2945 et
687 2908 755 2946 1100
763 2891 863 2958 stadia,
878 2893 1017 2945 sisinnum
1060 2893 1108 2946 elle
1121 2912 1288 2968 soupqonner
1296 2894 1475 2966 queNierque
1485 2894 1557 2947 avoit
1566 2896 1634 2946 serti
1643 2892 1765 2964 de'guide
1777 2894 1846 2949 ioca

232 2969 353 3040 ambages
375 2970 476 3038 legeris.
503 2972 515 3041 li
528 3001 565 3013 -
584 2975 625 3034 τά.
648 2971 911 3043 παραπλωόντων
933 2972 990 3027 κτλ.
1004 2974 1015 3044 ]
1060 2983 1167 3027 auteurs
1178 2991 1248 3046 pour
1260 2973 1326 3028 finer
1338 2973 1375 3027 les
1390 2972 1512 3028 latitudes
1525 2972 1559 3026 de
1574 2991 1617 3026 cea
1627 2972 1752 3026 differens
1762 2975 1843 3029 hena.

232 3051 300 3115 Quae
322 3059 469 3118 sequuntur
483 3047 517 3102 de
535 3050 690 3129 umbrarnm
708 3053 809 3104 ratione
834 3062 1017 3124 canonumque
1060 3052 1408 3118 maerensmaerens
1421 3053 1479 3106 νοίι·
1494 3069 1546 3123 que
1562 3052 1846 3124 lesgeogmphesgrecs

233 3136 294 3178 ortu
310 3137 337 3178 et
350 3145 454 3192 occasu,
469 3146 524 3181 non
537 3129 653 3198 petuisse
670 3129 803 3183 observari
814 3130 982 3184 Arabicarum
992 3142 1017 3185 et
1061 3149 1095 3183 ne
1108 3150 1136 3184 se
1149 3143 1209 3186 sont
1217 3133 1293 3203 point
1305 3133 1386 3186 servis
1398 3131 1433 3184 de
1447 3131 1589 3184 lurelation
1602 3131 1636 3184 de
1646 3133 1767 3203 Neu-que
1777 3153 1846 3206 pour

231 3205 366 3260 Oritarum
377 3221 450 3261 oram
460 3205 658 3276 praeterlegeuti,
671 3206 752 3277 idque
765 3227 853 3262 mense
861 3209 1016 3277 Novembri,
1061 3211 1154 3264 etablir
1168 3211 1193 3264 ia
1214 3211 1327 3266 hauteur
1342 3209 1388 3263 des
1403 3212 1521 3263 contrees
1536 3209 1602 3262 dont
1622 3211 1694 3265 ilest
1711 3215 1844 3282 question,

231 3281 290 3334 luce
309 3281 403 3341 elarius
424 3293 472 3336 est.
495 3287 584 3351 Quare
602 3285 786 3340 Schmiederus
810 3289 897 3359 inepta
916 3289 1018 3343 hecub
1060 3291 1172 3362 puisque
1184 3307 1218 3343 au
1235 3290 1288 3344 lieu
1301 3288 1335 3343 de
1349 3289 1474 3343 chercher
1491 3289 1561 3342 leurs
1573 3287 1695 3342 latitudea
1709 3297 1845 3362 eaprote-

231 3361 346 3418 Arriauo
356 3362 444 3431 potius
457 3379 537 3432 quam
546 3361 580 3416 ab
591 3364 712 3417 Nearcho
720 3363 837 3436 proiecta
850 3383 906 3419 esse
915 3369 1016 3421 statuit.
1061 3365 1126 3420 dant
1141 3367 1180 3423 du
1193 3366 1243 3422 sud
1255 3387 1289 3422 au
1305 3367 1387 3434 nord,
1402 3386 1505 3421 comme
1520 3367 1584 3421 e'est
1597 3367 1738 3438 l’usege,...
1754 3371 1786 3422 ils
1799 3383 1845 3424 ont

231 3437 334 3493 Scilicet
343 3439 491 3494 Nearchum
505 3439 567 3494 date
580 3443 717 3496 occasione
730 3445 880 3514 exposuisse
896 3463 1017 3515 quaenam
1061 3446 1155 3500 conclu
1169 3447 1194 3500 la
1214 3446 1322 3501 latitudo
1333 3446 1367 3500 de
1386 3447 1410 3500 la
1428 3447 1486 3500 crite
1503 3446 1548 3500 daa
1563 3447 1675 3501 Arbiens
1687 3457 1714 3500 et
1728 3448 1791 3502 celle
1800 3451 1846 3504 des

233 3518 268 3570 sit
282 3517 437 3571 umbrarum
456 3520 535 3582 ratio,
553 3519 575 3570 si
596 3522 656 3590 quis
675 3532 763 3575 aestate
773 3522 911 3576 meridiem
929 3541 1018 3578 versus
1061 3525 1149 3578 Orites
1160 3525 1517 3597 parunemethodeiuverse‚
1528 3535 1554 3579 et
1566 3543 1599 3578 en
1610 3525 1845 3596 opemntdunoni

232 3596 406 3664 enavigarent
421 3596 488 3649 ultra
501 3596 631 3652 circulum
641 3601 940 3670 tropicum3hrrianum
956 3621 1019 3658 vero
1061 3620 1096 3656 uu
1109 3603 1173 3670 sud;
1192 3601 1353 3659 desti-dire
1372 3622 1437 3676 que,
1460 3604 1528 3658 faute
1543 3603 1577 3658 de
1594 3622 1702 3676 moyeus
1724 3617 1845 3661 astrono-

232 3673 300 3726 male
318 3673 447 3726 intellecta
460 3674 516 3727 haec
535 3674 570 3728 ad
590 3678 673 3748 ipsam
694 3679 806 3733 Nearchi
827 3681 1018 3750 navigationem
1062 3684 1163 3754 miques
1176 3701 1245 3756 pour
1264 3685 1399 3737 connaitre
1416 3684 1440 3736 la
1454 3683 1570 3736 distance
1583 3682 1617 3735 de
1634 3683 1781 3754 l‘equateur
1792 3706 1845 3742 aua

232 3751 394 3810 transtulisse
412 3753 423 3819 (
438 3753 473 3805 V.
494 3763 552 3808 not.
568 3754 604 3808 ad
620 3757 733 3810 Nearchi
743 3757 777 3810 fr.
793 3775 828 3812 ua
839 3775 866 3830 p.
887 3764 921 3823 64
938 3777 979 3831 sq.
995 3763 1017 3830 ).
1061 3760 1178 3815 bouches
1191 3761 1225 3814 de
1233 3761 1347 3826 i'lndus,
1365 3761 1396 3815 ils
1409 3771 1457 3815 ont
1473 3761 1570 3833 adepte
1589 3779 1640 3814 une
1652 3780 1757 3816 moeure
1770 3767 1845 3819 itine-

233 3831 316 3884 Simili
337 3827 419 3889 modo
432 3830 584 3886 Gusseliuus
597 3835 667 3901 (ΙΙΙ,
681 3853 710 3906 p.
726 3836 775 3906 139
788 3839 799 3906 )
811 3838 916 3892 Arriani
929 3857 1019 3894 narra·
1062 3839 1131 3892 raiae
1143 3840 1188 3910 qui
1202 3841 1299 3910 portait
1310 3858 1353 3892 ees
1363 3839 1506 3892 bouchesi
1529 3841 1614 3894 13000
1625 3839 1710 3894 stades
1726 3859 1763 3895 au
1780 3843 1844 3898 midi

233 3909 333 3963 tionem
346 3908 380 3962 ad
397 3919 513 3963 mentem
529 3911 640 3965 Nearchi
663 3918 780 3968 revocari
802 3917 898 3983 voluit3
922 3919 1019 3972 scilieet
1061 3916 1478 3984 delachainedu'l'aurus,fixe'e,
1489 3919 1629 3982 seloueux,
1641 3936 1704 3973 sous
1716 3919 1845 3976 letrente·

232 3985 375 4040 dicendum
388 3986 467 4041 fuisse
478 3988 547 4042 haue
558 3990 585 4042 iu
600 3994 755 4045 sententiam
770 4010 776 4047 :
793 4016 804 4042 ι
818 3997 857 4048 La
868 3998 1018 4065 navigatiou
1062 3995 1169 4049 sixiime
1180 3995 1299 4068 parallele
1315 3997 1323 4067 (
1338 3996 1431 4050 Strabo
1443 4015 1470 4069 p.
1484 4001 1548 4067 689.
1561 4001 1604 4066 ).ι
1619 3999 1681 4051 Haec
1691 3999 1845 4054 Gesselinus

233 4064 257 4118 le
269 4064 331 4135 long
339 4065 374 4118 de
393 4067 487 4119 lactite
501 4065 548 4120 des
564 4069 652 4122 Orites
661 4080 701 4123 est
713 4071 747 4123 de
769 4077 836 4126 1600
846 4072 948 4137 stad0s3
960 4085 987 4127 et
1001 4075 1019 4128 tt
1062 4073 1134 4127 haud
1152 4075 1262 4140 insulse;
1285 4085 1398 4128 attamen
1416 4093 1507 4128 verum
1524 4077 1638 4145 tetigisse
1652 4095 1707 4131 non
1730 4079 1842 4134 ridetur.

232 4141 1020 4221 n'yaplusdeuationsindieunesaudeli.Nearqueaeerit
1061 4152 1199 4208 Mendacia
1212 4155 1353 4225 istaquum
1377 4156 1404 4207 in
1416 4156 1502 4225 ipsum
1523 4155 1683 4219 Nearchum,
1696 4157 1784 4210 virum
1804 4177 1844 4210 so·

232 4237 284 4290 que
297 4239 364 4276 ceux
376 4224 422 4293 qui
436 4224 604 4292 navigtroient
615 4225 639 4277 le
652 4225 714 4295 long
722 4226 756 4280 de
772 4227 864 4281 laedte
876 4228 911 4281 de
922 4228 1016 4296 l’inde,
1063 4230 1151 4284 briem
1163 4241 1189 4284 et
1200 4231 1368 4304 prudentem,
1388 4249 1467 4286 nemo
1479 4233 1528 4286 uisi
1540 4243 1645 4286 coactus
1661 4234 1788 4298 retulerit,
1801 4253 1845 4288 ne·

232 4301 414 4369 aperneroient
431 4317 469 4353 un
489 4302 663 4371 changement
680 4302 746 4357 dans
772 4305 947 4360 ladirectiou
971 4308 1019 4361 des
1062 4328 1115 4381 que
1127 4309 1230 4364 videam
1239 4329 1287 4365 eur
1299 4314 1435 4377 Arnanus,
1449 4313 1470 4364 si
1479 4312 1506 4365 id
1515 4312 1589 4382 quod
1600 4311 1751 4366 Gusselinus
1760 4317 1844 4386 suspi-

232 4378 346 4432 ombres.
362 4381 386 4432 A
405 4395 509 4433 mesum
523 4381 601 4451 qu’ils
620 4385 773 4454 aranqoient
790 4402 826 4438 au
845 4385 895 4437 sud
914 4385 982 4439 dans
995 4387 1027 4442 la.
1062 4390 1438 4460 catursignifieareroluisset,
1451 4401 1505 4444 tam
1519 4393 1607 4462 inepta
1620 4392 1757 4462 etperiida
1767 4395 1844 4446 ratio-

232 4454 311 4508 haute
322 4473 388 4519 mer,
404 4457 436 4509 ils
451 4459 575 4529 rogoient
588 4461 623 4512 les
638 4461 744 4514 ombres
761 4479 790 4514 se
802 4463 943 4534 prolonger
960 4483 1019 4520 vers
1062 4487 1096 4522 ne
1109 4469 1160 4522 hoc
1176 4469 1259 4522 iacere
1271 4471 1440 4523 instituisset:
1456 4470 1522 4524 nihil
1535 4470 1606 4524 aliud
1618 4471 1777 4542 relinquitur
1794 4475 1842 4525 nisi

232 4532 257 4584 le
270 4532 334 4624 midi
345 4545 395 4586 eto.
413 4556 424 4584 ι
436 4539 481 4589 Au
493 4555 588 4608 moyen
599 4537 633 4592 de
645 4549 714 4592 cette
725 4539 810 4612 legire
819 4546 1017 4614 transposition,
1062 4558 1092 4601 ut
1103 4559 1227 4620 putemus
1237 4539 1601 4614 Nearcheam'narrationem,
1616 4569 1669 4621 qua
1679 4569 1743 4604 usus
1756 4555 1845 4605 Αιτία-

232 4610 257 4663 ie
268 4613 334 4663 nescu
344 4611 378 4664 de
387 4615 508 4684 Niarque
521 4617 646 4669 continue
654 4616 738 4672 d’etre
748 4620 811 4673 clair
817 4631 845 4674 et
857 4622 1018 4678 conformei
1061 4643 1122 4691 nus,
1143 4645 1176 4680 ex
1189 4629 1337 4681 Onesicrito
1351 4627 1391 4681 vel
1404 4629 1495 4682 similis
1515 4629 1605 4684 farinae
1620 4633 1749 4702 scriptore
1767 4629 1845 4684 fuisse

232 4689 257 4743 la
269 4692 359 4745 verite.
375 4693 397 4744 ΙΙ
409 4709 443 4746 ne
455 4693 496 4747 dit
510 4695 586 4766 point
601 4695 667 4767 qu'il
676 4715 693 4750 a
710 4698 820 4753 obsecre
840 4701 977 4756 lui-meme
995 4703 1018 4757 le
1062 4706 1253 4778 interpolatam.
1264 4709 1368 4760 Etenim
1380 4725 1470 4779 reapse
1477 4707 1606 4761 exstitisse
1615 4708 1734 4780 paraplos
1741 4711 1788 4779 qui
1797 4712 1844 4762 ista

231 4768 397 4838 phenomine
411 4769 478 4824 dans
498 4771 522 4824 le
541 4791 619 4826 cours
635 4773 670 4828 de
686 4793 715 4830 sa
734 4779 897 4848 navigation,
911 4783 977 4834 mais
1001 4783 1019 4836 il
1063 4783 1200 4837 mendacia
1207 4783 1245 4852 lde
1255 4787 1390 4838 Oritarum
1404 4803 1451 4839 ora
1463 4785 1619 4858 proderent,
1633 4785 1776 4857 intelligere
1789 4800 1845 4841 arat

232 4858 355 4919 rapporte
366 4865 404 4909 un
414 4847 461 4902 fait
470 4849 535 4920 qu'il
548 4854 633 4922 parait
644 4856 718 4908 avoir
728 4859 816 4928 appris
827 4857 874 4910 des
887 4859 1018 4916 habitante
1061 4879 1093 4916 cx
1101 4863 1132 4916 iis
1141 4880 1200 4934 quc
1208 4881 1240 4916 ex
1249 4865 1397 4918 Onesicrito
1410 4864 1498 4918 aliisve
1510 4865 1579 4919 suta
1589 4863 1736 4936 descripsit,
1751 4883 1781 4918 ex
1796 4870 1843 4920 Ju-

231 4925 265 4978 de
275 4926 395 4988 Malana,
413 4928 458 4997 qui
472 4932 658 4999 peroouroient
670 4932 786 4988 tenete
797 4933 1018 5009 delapresqu’ile
1061 4940 1096 4994 ba
1109 4953 1199 4996 autem
1218 4945 1348 5013 excerpsit
1365 4943 1466 4997 Plinius
1483 4946 1533 5008 vt,
1553 4949 1605 4996 οδε
1662 4946 1763 5012 fiumen
1782 4950 1844 4998 Car-

231 5003 279 5056 des
293 5004 372 5064 indes
384 5003 428 5076 (i),
444 5008 519 5060 Ainsi
530 5019 602 5069 toute
613 5010 814 5084 l'errenrqu’on
825 5017 1018 5088 aperqoitdans
1061 5021 1156 5074 menie
1183 5013 1298 5090 Hy'rnnis
1322 5025 1333 5090 (
1357 5023 1499 5094 Hydriae-es
1524 5024 1665 5088 histriani,
1686 5021 1844 5077 sandrisitas

232 5081 259 5173 ,ἢ
270 5081 343 5154 '²9⁰⁰
357 5083 491 5176 “Olmii“
502 5085 536 5139 de
548 5106 579 5140 ⁰0
591 5105 707 5160 imi&
718 5095 867 5165 appartient
881 5093 896 5147 i
910 5114 958 5147 son
972 5115 1017 5150 co·
1061 5097 1129 5152 Ptol.
1145 5097 1196 5170 );..
1209 5100 1278 5152 abeo
1282 5100 1398 5172 primam
1407 5101 1593 5173 septentriones
1601 5101 1758 5174 oppeciisse
1763 5101 1843 5154 edan-

231 5163 479 5251 pasteNeanmoms
494 5163 512 5216 il
526 5183 559 5218 oe
571 5165 626 5220 laut
637 5185 684 5238 pes
702 5173 788 5224 croire
799 5189 851 5242 que
865 5191 896 5226 oe
908 5176 959 5226 soit
970 5191 1019 5246 par
1061 5189 1166 5240 retem
1177 5189 1311 5232 arcturum
1322 5179 1714 5243 neeomnibuseemiaoetibur,
1725 5177 1844 5233 necteris

234 5241 387 5295 Ιῐιίῑῑῐθῦῑῑθῦ
406 5241 549 5317 qu’Arrien
562 5262 578 5297 a
589 5244 678 5310 donni
695 5259 763 5308 cette
785 5262 914 5314 tournure
932 5253 1018 5314 forcia
1062 5275 1184 5330 ιιιιριιιιιιι.
1199 5257 1301 5328 Quodsi
1312 5259 1367 5314 herc
1378 5259 1455 5314 Plinii
1463 5268 1583 5312 auctores
1599 5257 1758 5313 annorranda
1767 5271 1842 5331 puta·
