3950 5925
158 356 215 433 tut

157 508 197 547 aas
213 486 361 565 Σειρηνίδες
376 484 473 565 Κίρκης
484 509 512 544 τε
525 489 598 557 νῆσοι
611 488 761 567 λεγόμεναι.

214 574 273 633 Εἰσί
286 576 307 631 δ’
324 573 413 632 έπόνω
426 572 474 648 μὲν
487 576 538 631 τῶν
552 577 697 652 Πελασγῶν
710 577 852 658 Ὀμόρικοί
862 624 906 654 ,...

212 661 255 729 οὓς
267 660 343 742 ᾤκισ’
357 664 405 719 οὑκ
420 660 522 739 Κίρκης
534 662 661 721 Ὀδυσσεῖ
671 664 806 739 γενόμενος

212 753 341 825 Λατῖνος,
354 746 470 815 Αύσσνίς
482 771 510 806 τε
526 748 662 825 μεσόγειον
674 752 756 808 τόπον

212 836 328 916 ἔχοντες,
343 834 439 896 Αύσων
451 834 494 902 οὓς
506 835 651 896 συνοικίσαι
664 838 753 914 δοκεῖ,
775 864 783 879 ·

157 944 199 983 τευ
212 923 361 989 Ὀδυσσέως
372 927 434 990 παῖς
447 922 493 981 καί
506 925 646 1004 Καλυψοῦς
657 924 805 1003 γενόμενος.

215 1012 262 1071 Ἐν
274 1019 327 1078 τοῖς
341 1009 424 1068 ἔθνεσι
435 1010 535 1076 τούτοις
549 1010 577 1087 δέ
589 1010 685 1087 Ῥώμη
700 1013 766 1070 ’στίν
778 1014 852 1080 πολις

215 1098 304 1177 (qoud
315 1098 459 1179 ipdptltlov
472 1101 505 1176 τῇ
521 1098 631 1175 δυνάμει
643 1099 688 1157 καί
702 1099 836 1177 τοῦνομα,

212 1185 310 1265 ιίστρον
322 1208 347 1243 τι
360 1184 445 1243 κοινόν
457 1188 504 1255 τῆς
518 1185 580 1257 όλης
595 1184 766 1262 οἰκουμένης,

213 1277 241 1331 ἐν
254 1278 287 1351 τῇ
299 1266 415 1348 Αατίνηῖ
428 1271 567 1349 Ῥωμύλον
581 1273 604 1330 δ’
616 1272 698 1345 αὐτὴν
710 1274 799 1332 κτίσαι

155 1381 197 1416 eis
215 1359 321 1436 θέμενον
338 1362 382 1439 dp'
397 1362 477 1417 αὑτοῦ
492 1382 557 1439 puni
568 1364 644 1417 τοῦτο
657 1359 782 1433 τοῦνομα.

216 1444 295 1507 Μετὰ
309 1445 336 1504 δὲ
348 1446 476 1513 Λατίνους
487 1445 558 1504 ίστιν
570 1448 598 1503 ir
611 1445 730 1513 Ὀπικοῖς
742 1447 816 1513 πόλις

215 1539 261 1604 τῆς
276 1532 417 1611 λεγομένης
428 1532 522 1611 λίμνης
536 1533 641 1611 Ἀόρνου
654 1535 764 1606 πλησίον

216 1621 315 1697 Κύμη,
331 1620 455 1700 πρότερον
468 1620 501 1692 ἣν
515 1622 657 1687 Χαλκιδεῖς
669 1622 817 1699 ἀπῴκισαν,

214 1699 264 1765 εἶτ’
281 1710 397 1775 Αἰολεῖς·
414 1698 466 1786 [ού
483 1707 623 1788 Κερύέριόν
636 1732 662 1767 τι
675 1708 805 1767 δείκνυται

158 1878 224 1931 παῖ.
236 1880 324 1931 Circes
338 1878 429 1931 insula
440 1877 474 1931 ad
485 1880 617 1932 (λιτοίμην
628 1896 729 1949 prom.;
741 1878 883 1942 Sirenides,
896 1888 948 1930 tres

160 1975 249 2026 parrae
260 1956 351 2009 insulae
364 1968 424 2027 post
437 1959 569 2010 Misenum
580 1975 668 2028 prom.
683 1958 752 2021 sitae,
766 1957 823 2009 aliis
832 1957 949 2026 Σιρηνοῖι·

161 2054 218 2098 σαι,
234 2035 351 2087 Sirenum
362 2035 465 2107 scopuli
478 2036 517 2087 vel
528 2047 612 2107 petrae
625 2035 635 2107 (
649 2034 828 2097 hod.1.icosa‚
847 2036 946 2097 Pictro,

161 2113 190 2163 la
202 2112 309 2165 Galetta
324 2114 345 2185 ).
355 2116 391 2164 V.
403 2114 496 2166 Strabo
512 2116 534 2177 1,
550 2132 578 2184 p.
593 2131 639 2167 σο.
653 2116 703 2178 vt,
714 2132 742 2185 p.
754 2116 822 2177 258,
838 2115 946 2167 tristor.

161 2192 226 2242 Μὶν.
240 2207 299 2257 νιος
312 2190 380 2243 Ptol.
391 2192 441 2254 111,
456 2191 589 2259 1;Virgil.
603 2192 663 2243 AEn.
677 2210 703 2255 ν,
718 2195 781 2253 1643
794 2191 862 2243 Mela
870 2194 907 2255 11,
920 2195 947 2253 l..

160 2268 205 2321 Cl.
218 2270 298 2322 Dion.
313 2270 366 2323 360
382 2270 473 2339 abique
484 2270 605 2322 Eustnth.
618 2272 630 2339 ΙΙ
643 2300 680 2310 -
690 2286 753 2338 ²²7·
768 2272 855 2341 ᾤκισεν
867 2270 949 2339 όκκιρ-

161 2346 296 2412 κηςοοιίοκ
305 2368 313 2411 ;
323 2365 376 2400 em.
386 2350 528 2401 [cunone.
539 2350 664 2401 (kterurn
674 2349 800 2401 excidisse
811 2351 839 2401 in
847 2360 947 2402 antece.

162 2427 319 2479 hunorum
325 2428 497 2489 mentionem,
507 2445 591 2499 quum
600 2426 634 2479 ad
643 2428 701 2492 hos,
713 2445 766 2479 non
777 2426 810 2479 ad
822 2428 947 2492 Umbros,

162 2506 274 2558 latinus
282 2508 420 2578 pertineat,
433 2525 464 2559 ac
479 2509 590 2559 omnino
601 2505 698 2561 diserta
712 2509 779 2561 Latii
791 2508 890 2561 mentio
903 2508 949 2560 de·

759 362 871 422 uuuts
894 363 1127 427 DESCRIPTIO.

986 503 1119 556 Sirenides
1130 492 1269 575 Circesque
1283 506 1359 558 dictae
1371 507 1471 559 insulae.

988 592 1073 659 Supra
1085 590 1202 659 Pelasgas
1215 601 1302 643 autem
1315 591 1409 643 Umbri
1421 603 1480 644 sunt
1492 630 1533 655 ,...

989 674 1096 737 Latini,
1109 693 1175 745 quos
1187 677 1323 729 constituit
1334 678 1425 747 Ulysse
1436 689 1462 731 et
1474 680 1549 731 Circe
1562 691 1638 733 natus

989 763 1115 827 Latinus,
1132 766 1303 833 Ausonesque
1315 763 1535 816 mediterraneum
1550 764 1638 819 locum

988 857 1121 911 tenentes,
1136 850 1227 901 Auson
1241 866 1308 919 quos
1321 850 1486 901 constituisse
1501 849 1613 916 videtur,

987 932 1088 1002 Ulyssis
1102 934 1170 987 lilius
1181 952 1195 986 e
1208 933 1319 1004 Calypso
1330 945 1489 1005 procreatus.

989 1021 1021 1070 ln
1037 1019 1077 1070 his
1089 1029 1176 1071 autem
1189 1020 1310 1088 gentibus
1321 1030 1360 1071 est
1371 1022 1455 1072 Roma
1466 1020 1545 1084 urbs,

988 1103 1088 1156 habens
1102 1122 1149 1175 par
1162 1105 1285 1175 potentia
1298 1106 1376 1157 etiarn
1390 1123 1499 1170 nomen,

989 1201 1089 1242 astrum
1103 1188 1237 1259 quoddam
1250 1208 1391 1243 commune
1405 1193 1484 1244 totius
1496 1192 1583 1256 orbis,

989 1278 1018 1327 in
1032 1277 1122 1338 Latio;
1138 1274 1281 1328 Romulum
1294 1276 1362 1328 illam
1374 1276 1524 1329 condidisse

989 1363 1170 1432 imponentem
1182 1362 1216 1413 de
1227 1380 1254 1413 se
1268 1361 1355 1413 serunt
1366 1362 1447 1415 hocoe
1461 1381 1566 1415 nomen.

989 1450 1053 1501 Post
1066 1450 1173 1500 Latinos
1185 1466 1248 1500 vero
1259 1448 1336 1499 estin
1351 1449 1441 1518 Opicis
1455 1448 1534 1511 urbs,

991 1538 1112 1599 Avernae,
1126 1552 1205 1604 quam
1218 1544 1321 1597 vocant,
1334 1532 1423 1604 paludi
1435 1535 1598 1604 propinqua,

991 1622 1092 1685 Cuma,
1106 1622 1179 1690 prius
1191 1637 1271 1689 quatu
1285 1619 1468 1671 Chalcidenses
1480 1619 1672 1685 condiderunt,

992 1706 1088 1760 deinde
1101 1706 1202 1771 AEoles;
1220 1706 1285 1776 [ubi
1297 1707 1450 1759 Cerberium
1463 1707 1596 1776 quoddam
1609 1708 1766 1772 ostenditur,

1649 1832 1773 1841 .-

992 1877 1130 1929 cerasiam
1138 1876 1250 1939 colonio,
1261 1876 1505 1947 etfrequentissima
1516 1878 1699 1931 Asiaticorum
1708 1878 1776 1932 cini-

994 1970 1079 2010 tatum
1090 1969 1130 2009 est
1138 1962 1233 2019 ίιιιιινι,Ι
1245 1956 1279 2009 ab
1292 1956 1347 2008 illis
1359 1968 1446 2008 autem
1457 1956 1558 2027 quand
1570 1961 1703 2011 Aternum
1717 1959 1777 2011 sitae

992 2049 1055 2089 arant
1067 2034 1285 2101 Cremisoriginem
1296 2032 1370 2087 ducit
1380 2034 1516 2106 Neapolis.
1527 2036 1581 2086 Nisi
1593 2037 1672 2103 igitur
1681 2037 1776 2107 proba-

995 2115 1072 2167 bilior
1077 2113 1236 2167 emendandi
1242 2114 1308 2165 ratio
1314 2123 1415 2183 reperta
1426 2112 1513 2177 suerit,
1522 2114 1664 2183 praestabit,
1670 2116 1775 2185 opinor,

994 2211 1073 2245 suum
1082 2194 1183 2245 auctori
1193 2209 1310 2244 atrorem
1322 2191 1480 2261 relinquere.
1498 2214 1508 2239 ν
1525 2194 1587 2244 llaec
1601 2212 1663 2245 vero
1676 2196 1777 2247 incom-

994 2270 1073 2323 moda
1079 2282 1174 2323 nostrae
1181 2271 1294 2322 rationes
1298 2268 1353 2339 jam
1361 2270 1624 2323 sustulerunt.Causa
1632 2282 1719 2324 autem
1726 2283 1778 2326 tur·

993 2350 1089 2402 barum
1102 2351 1128 2402 in
1140 2368 1172 2402 eo
1181 2346 1323 2419 quaerenda
1331 2366 1386 2399 esse
1398 2346 1510 2413 videtur,
1525 2348 1597 2418 quod
1609 2350 1705 2403 sciolus
1718 2354 1777 2420 qui·

994 2428 1056 2481 dam
1063 2428 1142 2481 verba
1153 2440 1236 2499 poetae
1245 2424 1292 2479 εἶτ’
1307 2425 1403 2487 Αἰολεῖς
1412 2428 1559 2480 accuratius
1566 2426 1675 2480 delinire
1685 2428 1776 2495 voluit,

994 2519 1026 2560 ut
1037 2509 1116 2561 sciret
1125 2508 1215 2571 lector,
1228 2504 1301 2577 quod
1309 2516 1402 2576 sponte
1409 2504 1633 2573 sereintelligitur,
1644 2506 1776 2561 AEolenses

162 2582 302 2649 sideretur,
318 2596 388 2637 recte
402 2586 493 2638 statuit
507 2585 661 2650 Cluverius,
677 2598 801 2639 monente
818 2587 947 2639 Fabricio.
994 2586 1062 2651 illos,
1072 2588 1119 2656 qui
1125 2588 1222 2639 Cumas
1231 2585 1359 2649 venerint,
1370 2580 1503 2636 Cumanos
1514 2584 1592 2635 luisse
1600 2585 1737 2639 Asiaticos.
1747 2588 1778 2639 ld

163 2664 205 2714 De
230 2664 317 2716 Latini
344 2664 498 2734 parentibus
519 2683 581 2717 cum
601 2666 699 2718 Nostro
719 2664 819 2717 saciant
840 2665 948 2718 llesiod.
996 2683 1058 2718 vero
1070 2666 1172 2717 efficere
1180 2664 1230 2715 sibi
1242 2666 1312 2715 visus
1324 2675 1362 2716 est
1370 2662 1552 2716 transferendo
1563 2663 1683 2733 hucqnae
1690 2677 1779 2735 postea

160 2742 264 2811 iheog.
278 2743 344 2795 1013
356 2754 382 2797 et
395 2743 519 2813 Stephan.
534 2761 560 2794 ν.
575 2743 720 2813 Πραινέατη.
742 2745 866 2797 Similiter
875 2745 950 2797 Tele·
994 2744 1029 2797 de
1044 2745 1153 2797 Phocea
1168 2744 1345 2814 parenthetica
1357 2742 1426 2795 dicta
1440 2753 1516 2806 sunt,
1532 2742 1581 2794 nisi
1593 2742 1665 2811 quod
1677 2746 1779 2797 nomini

161 2820 249 2873 machi
262 2832 288 2873 et
297 2822 384 2873 Circes
395 2822 479 2874 filium
497 2820 561 2874 dicit
572 2824 669 2894 Hygia.
685 2823 737 2875 lab.
756 2839 804 2892 127
816 2835 842 2875 et
853 2823 950 2877 Clinias
994 2824 1100 2876 Φωκαέα
1119 2824 1254 2875 substituit
1274 2839 1371 2873 nomen
1391 2821 1476 2890 Κύμη,
1493 2838 1587 2891 parum
1611 2822 1779 2877 considerans

162 2915 207 2968 ap.
231 2901 348 2952 Festum.
365 2918 392 2972 p.
413 2905 464 2970 249
488 2899 532 2953 ed.
554 2903 593 2953 M.
618 2902 670 2955 Alii
691 2902 767 2972 longe
784 2902 867 2955 aliter.
886 2904 897 2972 ΙΙ
914 2934 951 2945 -
995 2912 1110 2953 metrum
1132 2902 1168 2951 sic
1186 2899 1366 2972 pessumdari;
1380 2898 1453 2969 quod
1467 2896 1604 2969 quomodo
1618 2900 1779 2954 Hoesehelins

162 2995 227 3046 νας.
250 2978 378 3041 Αύσωνοῖις
401 2979 656 3050 absolutissimi!
682 3011 719 3021 -
739 2983 801 3034 α3ι.
820 2981 882 3052 μ’μ’
900 2983 950 3036 ἐστι
986 2979 1189 3035 'restituendum
1208 2979 1340 3049 putaverit
1357 2996 1436 3048 supra
1456 2978 1579 3030 indicavi.
1604 2979 1725 3045 (Mirum
1746 2981 1779 3034 de

162 3056 224 3108 cod.
241 3059 252 3127 ss
263 3089 300 3098 -
313 3059 375 3121 234.
387 3058 462 3112 αύτδν
474 3059 535 3111 cod.
548 3061 558 3128 ΙΙ
570 3090 606 3099 -
617 3061 747 3128 239-253.
758 3062 861 3113 Horum
872 3063 950 3115 series
986 3059 1046 3110 'hoc
1053 3058 1234 3130 supplemento
1242 3075 1327 3127 neque
1337 3057 1512 3110 lctronnium
1522 3058 1777 3126 nequeMeinelaium

163 3135 269 3190 turbata
280 3147 328 3189 est.
344 3140 412 3205 Quae
425 3149 485 3208 post
496 3138 576 3190 verba
590 3136 637 3190 εἶτ’
648 3139 746 3200 Αἰολεῖς
760 3140 834 3192 uncis
844 3141 947 3205 inclusi,
995 3138 1142 3201 monuisse,
1160 3137 1235 3206 quasi
1248 3136 1318 3206 Κύμη
1336 3133 1385 3188 ’στὶ
1406 3133 1504 3188 codicis
1518 3145 1584 3187 esset
1599 3135 1684 3188 lectio.
1697 3139 1707 3204 )
1719 3140 1778 3190 Jam

164 3215 192 3264 in
204 3212 295 3266 codice
312 3215 436 3284 leguntur
453 3235 478 3269 ν.
494 3217 545 3268 252
569 3228 628 3288 post
642 3217 722 3270 verba
737 3217 761 3268 oi
775 3217 903 3283 Φωκαεῖς;
920 3239 950 3273 αα
997 3233 1059 3267 vero
1072 3217 1133 3269 satis
1146 3226 1216 3286 patet
1227 3215 1315 3285 ipsum
1329 3225 1449 3284 poetam,
1465 3215 1486 3265 si
1500 3211 1583 3265 fusius
1597 3212 1725 3284 explicare
1735 3233 1779 3267 νο-

163 3302 253 3344 autem
267 3311 326 3363 quae
340 3312 389 3363 ego
403 3305 463 3366 post
479 3295 558 3347 verba
576 3294 601 3346 οί
620 3295 691 3348 Φωκ.
712 3295 831 3348 mnoellis
850 3299 949 3363 notavi,
995 3296 1084 3350 luisset
1096 3297 1180 3350 AEoles
1189 3295 1246 3349 illos
1256 3313 1311 3348 esse
1323 3297 1456 3349 Cumanos
1467 3295 1607 3358 Asiaticos,
1622 3295 1649 3346 id
1661 3313 1714 3348 non
1726 3307 1779 3349 tarn

164 3369 249 3422 andex
262 3371 340 3424 habet
349 3383 408 3442 post
417 3391 443 3425 ν.
458 3370 505 3425 εἶτ’
518 3371 616 3434 Αἰολεῖς
624 3373 696 3426 hunc
706 3375 733 3426 in
745 3370 856 3426 modum
865 3386 951 3427 muta·
996 3376 1090 3446 ineptis
1100 3375 1232 3428 iacturum
1243 3373 1424 3438 inisseverbis,
1435 3390 1494 3442 quae
1507 3371 1589 3423 nihilo
1600 3375 1779 3444 perspicuiora

164 3461 192 3502 ta
202 3460 229 3502 et
239 3451 346 3504 metrice
364 3462 509 3522 corrupta:
524 3452 633 3522 μάλιστά
647 3453 669 3505 τ’
690 3451 867 3524 εὖανδρουμένη
888 3454 950 3506 κατὰ
997 3452 1052 3506 sore
1068 3453 1194 3506 censensi
1207 3469 1269 3504 cum
1282 3449 1415 3504 Meineltio
1432 3449 1504 3502 dicus
1520 3467 1527 3501 ι
1546 3475 1556 3495 ι
1577 3451 1638 3502 ttaec
1650 3448 1683 3502 de
1696 3453 1780 3505 Cuma

164 3525 210 3592 τὴν
229 3527 307 3581 Ἀσίαν
320 3529 390 3599 Κύμη
409 3531 508 3600 κειμένη
521 3530 599 3592 πόλις.
614 3533 688 3584 Patet
708 3531 828 3583 ordinem
845 3549 949 3602 geogra-
996 3531 1094 3584 AEolica
1108 3550 1163 3602 quo
1178 3531 1287 3584 consilio
1305 3528 1437 3583 addiderit
1451 3531 1572 3601 scriptor,
1585 3528 1673 3600 paullo
1688 3531 1780 3584 melius

164 3605 274 3677 phicum
284 3607 312 3659 in
327 3607 418 3659 codice
438 3606 632 3679 susquedeque
648 3610 765 3663 mixtum
782 3627 846 3674 esse,
866 3628 950 3680 quum
996 3611 1154 3680 intelligetur
1171 3611 1191 3662 si
1217 3611 1352 3680 scripseris
1375 3625 1380 3660 :
1405 3607 1512 3678 μάλιστα
1532 3609 1554 3660 δ’
1568 3607 1681 3678 εύαυδρος
1700 3607 1743 3677 μέν
1763 3607 1779 3676 ἦ

165 3687 319 3738 Caerherium
337 3684 369 3737 ad
389 3687 487 3738 Cumas
507 3687 649 3760 pertinent,
671 3687 768 3741 deinde
781 3689 902 3759 proxime
914 3707 953 3742 se·
996 3691 1059 3743 κατὰ
1078 3689 1122 3756 τὴν
1146 3689 1223 3742 Ἀσίαν
1247 3689 1317 3759 Κύμη
1348 3687 1398 3739 ’στί
1419 3690 1517 3758 κειμένη
1538 3687 1618 3752 πόλις,
1642 3689 1695 3740 sive
1719 3707 1782 3740 curn

165 3778 263 3836 quatur
280 3765 415 3838 Neapolis,
440 3785 521 3838 quam
543 3771 679 3841 excipiunt
699 3770 849 3823 Samnitum
866 3787 913 3822 ora
926 3782 953 3823 et
996 3769 1167 3839 Bernhardyo
1180 3771 1190 3837 (
1201 3768 1276 3822 Anal.
1290 3769 1318 3820 iu
1330 3785 1417 3836 geogr.
1431 3769 1497 3821 min.
1507 3785 1533 3838 p.
1551 3769 1778 3838 8)proposuen's:

164 3845 228 3898 dein
242 3847 371 3898 OEnotria
385 3848 412 3898 in
424 3865 507 3916 eaque
518 3847 583 3900 urlts
596 3848 668 3901 Elea.
679 3851 754 3902 Hanc
768 3851 849 3918 igitur
858 3850 952 3902 seriem
998 3846 1043 3901 εἶτ’
1059 3848 1155 3910 Αἰολεῖς
1180 3847 1287 3918 μάλιστά
1300 3847 1321 3899 τ’
1346 3846 1521 3917 εύανδρσυμένη
1543 3866 1566 3899 κ.
1586 3865 1610 3898 τ.
1636 3845 1684 3898 ‘Aa
1711 3847 1780 3917 Κύμη

165 3924 362 3996 transponendo
371 3927 545 3980 restituimus.
556 3927 639 3980 Aliter
649 3947 705 3980 rem
718 3930 831 3980 instituit
841 3928 952 3980 tenon·
999 3927 1008 3995 Ι
1019 3927 1076 3980 ποτὲ
1090 3930 1099 3998 ]
1111 3929 1209 3998 κειμένη
1221 3926 1300 3988 πόλις.
1327 3927 1338 3994 ΙΙ
1358 3955 1394 3964 -
1404 3926 1466 3992 239.
1485 3923 1616 3986 Αἰολεῖς
1629 3925 1639 3995 ]
1650 3925 1781 3978 AEolenses

164 4006 295 4074 nius,qni
312 4000 431 4058 verbani
444 4005 571 4075 Κερόέριον
636 4005 754 4060 Ὀδυσσέα
765 4019 825 4078 post
840 4005 954 4062 εῖτἈίο-
997 4007 1130 4061 Cmnauos
1156 4025 1208 4059 una
1231 4023 1293 4058 cnm
1323 4003 1538 4058 Chalcidensibus
1564 4015 1680 4056 recenset
1702 4004 1781 4056 etiam

165 4083 221 4143 λεῖς
235 4084 361 4148 inseruit;
381 4082 548 4155 deindepost
562 4085 676 4138 rerbaol
693 4087 807 4148 Φωκαεῖς
819 4087 954 4142 collocavit
997 4088 1091 4140 Strabo
1104 4089 1140 4150 V,
1155 4103 1182 4158 p.
1199 4086 1265 4150 243,
1286 4101 1340 4138 nou
1363 4103 1395 4138 eo
1412 4097 1499 4138 tamen
1522 4082 1604 4136 modo
1619 4100 1674 4152 quo
1687 4083 1781 4135 Noster

166 4160 249 4212 verba
263 4177 270 4212 ε
285 4161 391 4230 μάλιστά
410 4163 432 4214 τ’
447 4162 625 4233 εύανδρουμένη
646 4163 708 4216 κατὰ
728 4162 774 4230 τὴν
790 4163 866 4217 Ἀσίαν
881 4166 951 4236 Κύμη
998 4166 1071 4231 secit3
1085 4184 1147 4220 nam
1170 4168 1206 4218 ita
1228 4165 1306 4218 habet
1328 4181 1334 4215 :
1357 4164 1442 4234 Κύμη,
1455 4164 1596 4216 Χαλκιδέων
1609 4161 1650 4212 καλ
1666 4161 1780 4230 Κυμαίων

169 4241 180 4310 [
198 4238 247 4291 ’στι
258 4257 290 4292 εκ
301 4241 386 4311 suppl.
398 4242 558 4312 Hoeschelii]
570 4245 685 4313 κειμένη,
699 4243 766 4297 adeo
778 4254 808 4297 ut
817 4259 876 4315 post
885 4246 953 4298 Pho-
997 4246 1163 4298 παλαιότατον
1177 4245 1280 4313 κτίσμα·
1302 4248 1385 4296 πασῶν
1400 4244 1448 4312 γάρ
1463 4241 1513 4294 ἔστι
1527 4240 1678 4311 πρεσύυτάτη
1695 4245 1743 4292 τῶν
1754 4259 1780 4292 τε

166 4337 279 4372 musea
292 4319 361 4372 Elea
378 4321 535 4392 nescioquo
553 4334 629 4392 pacto
647 4334 827 4375 memorentur
840 4325 953 4378 Cumani
997 4323 1131 4376 Σικελικῶν
1145 4321 1187 4374 καί
1204 4327 1252 4374 τῶν
1266 4320 1449 4373 ’trutinatum
1467 4319 1497 4372 Οί
1512 4319 1590 4372 diebu
1602 4316 1692 4370 στόλον
1705 4318 1780 4389 ἄγον·
1821 4337 1828 4345 ·

168 4399 290 4462 Asiatici,
311 4397 408 4451 deinde
431 4418 495 4454 vero
515 4412 607 4455 contra
629 4401 752 4454 ordinem
770 4401 954 4458 introducatur
997 4421 1051 4467 τες,
1071 4401 1202 4467 Ἱπποκλῆς
1215 4401 1230 4452 ό
1244 4400 1352 4470 Κυμαῖος
1370 4399 1411 4452 καί
1431 4399 1589 4470 Μεγασθένης
1605 4397 1779 4464 όΧαλκιδείνς,

168 4477 350 4529 Cumanorum
365 4479 511 4549 Opicorum
524 4479 628 4532 colonia
645 4480 776 4550 Neapolis.
790 4482 830 4533 De
842 4500 894 4552 qna
911 4501 953 4534 re-
998 4480 1219 4550 διωμολσγησαντο
1229 4479 1287 4549 πρὸς
1298 4481 1357 4548 σμοῖς
1369 4478 1462 4542 αύτούς,
1472 4483 1520 4530 τῶν
1530 4475 1572 4548 μέν
1583 4474 1694 4528 ἀποικίαν
1705 4473 1779 4540 εἶναι,

166 4573 227 4607 rum
237 4553 409 4610 adornatione
417 4556 565 4610 Meineldus
577 4575 583 4610 :
599 4580 609 4606 ι
623 4562 658 4611 At
666 4560 833 4630 transpositio
843 4560 953 4614 istorum
998 4564 1045 4612 τῶν
1056 4559 1082 4612 δὲ
1094 4558 1138 4624 τὴν
1150 4558 1297 4628 ἐπωνυμίαν
1308 4559 1363 4609 tan
1374 4561 1416 4608 νῦν
1427 4556 1470 4628 μέν
1480 4555 1685 4627 προσαγορεύεται
1698 4555 1778 4624 Κύμη,

167 4651 303 4697 versuum,
316 4652 400 4703 quum
414 4652 462 4705 per
479 4654 598 4688 errorem
614 4655 670 4708 quo
682 4639 775 4707 integri
787 4657 854 4709 sape
864 4657 954 4692 versus
997 4640 1077 4692 κτίσαι
1090 4639 1112 4690 δ’
1129 4635 1203 4702 αιίτὴν
1222 4636 1351 4697 Χαλκιδεῖς
1366 4637 1473 4688 δοκοῦσι.
1494 4634 1545 4688 Alii
1557 4634 1662 4687 nonnisi
1680 4634 1782 4686 Chalci·

166 4713 226 4765 loco
237 4731 287 4765 suo
296 4714 361 4766 moti
372 4725 444 4778 sunt,
455 4713 522 4766 sacta
533 4733 652 4770 νεεαινοιι
664 4720 755 4790 possit,
768 4717 952 4771 difficillimum
998 4717 1090 4770 denses
1114 4726 1276 4779 memorant,
1298 4715 1348 4766 nisi
1371 4713 1443 4784 quod
1467 4715 1627 4766 Eretrienses
1651 4711 1781 4781 iisjnngit

167 4791 246 4843 habet
258 4790 427 4862 explicatum,
440 4810 488 4844 ner.
500 4810 555 4864 quo
566 4796 676 4849 consilio
685 4799 803 4849 instituta
812 4797 891 4850 luerit
900 4795 954 4850 ullo
998 4796 1141 4866 Dionysius
1163 4793 1222 4847 Hal.
1241 4795 1307 4856 VII,
1324 4794 1350 4846 3.
1371 4791 1433 4844 Vid.
1456 4789 1571 4862 Vellejus
1593 4795 1616 4855 1,
1638 4796 1664 4853 4,
1691 4791 1782 4844 Livius

166 4881 244 4940 pacto
252 4881 338 4941 potest
347 4871 463 4941 intelligi.
475 4873 622 4928 Ferendum
629 4886 715 4929 nmen
723 4887 842 4946 putarem
855 4887 881 4928 et
891 4894 953 4929 casu
998 4878 1072 4939 vlu,
1087 4892 1131 4928 21.
1142 4873 1248 4946 Scymni
1262 4872 1426 4936 senteutiam,
1438 4889 1489 4923 sec.
1502 4889 1582 4941 quam
1593 4871 1724 4923 AEolenses
1732 4887 1779 4940 po·

166 4949 262 5002 saetam
282 4948 409 5014 dicerem,
424 4951 445 5002 si
460 4961 546 5003 nmen
568 4955 603 5006 ita
620 4953 725 5007 dicendi
743 4955 844 5024 legibus
864 4954 959 5025 aliquo·
997 4965 1050 5006 stoa
1061 4953 1344 5014 demumadvenerint‚
1358 4949 1457 5003 calculo
1467 4967 1516 5002 suo
1526 4949 1672 5020 probarunt
1683 4948 1778 5001 Salma-

166 5025 249 5078 modo
266 5027 417 5081 consultum
432 5040 508 5081 esset.
527 5031 635 5084 Atride
652 5033 717 5085 mihi
736 5033 872 5086 infantiam
889 5035 953 5087 scri·
997 5035 1052 5087 sius
1067 5034 1099 5086 ad
1121 5033 1201 5086 Solin.
1218 5049 1245 5102 p.
1265 5049 1308 5099 72,
1324 5031 1462 5084 Cluverius
1475 5029 1533 5082 Ital.
1558 5039 1577 5081 t.
1599 5031 1634 5092 ll,
1651 5045 1677 5098 p.
1702 5031 1778 5093 ιιοίς,

166 5107 250 5176 ptoris
269 5107 296 5157 in
308 5106 381 5159 hunc
392 5107 503 5160 modum
514 5109 701 5164 balbutientis:
717 5112 851 5181 infinibus
863 5115 952 5165 OEna·
984 5113 1232 5174 'Raoul-llorhette,
1246 5110 1337 5162 areat.
1354 5113 1402 5174 111,
1420 5127 1447 5180 p.
1465 5127 1522 5162 ιιο.
1535 5109 1617 5160 hiavit
1636 5126 1680 5160 eos
1698 5109 1779 5160 Euse-

166 5185 279 5238 trs'oram
290 5185 346 5237 sita
362 5199 401 5239 est
413 5187 557 5242 Posidonia
567 5191 747 5256 Sybaritarum
760 5204 784 5243 rt
801 5192 877 5245 Velia
887 5191 953 5244 Plo·
999 5195 1066 5258 bias,
1081 5195 1125 5264 qui
1141 5193 1166 5242 in
1179 5191 1312 5242 Chronico
1326 5191 1435 5242 (Iutnnm
1450 5188 1563 5242 Italicam
1574 5187 1704 5240 conditam
1716 5186 1781 5239 dicit
