3950 5925
231 440 289 493 203
725 426 912 486 ANONl'Ml
937 426 1058 503 (νιιισο
1082 426 1227 487 SCYMNl
1251 426 1348 504 CHll)
1741 430 1849 511 lt7,rs.l

287 558 411 632 Ζάγιὶλη,
426 555 552 624 llm'ttl,
567 553 729 620 Asitium<
741 554 798 632 ἔσχ’
811 555 945 613 ἀποικίαν.
1060 563 1168 627 Zancle,
1184 573 1210 615 et
1221 565 1318 616 Catane
1332 573 1357 614 et
1369 561 1500 632 Callipolis
1512 580 1633 634 accepere
1645 565 1760 618 colonos.

288 646 374 705 ΙΙάλιν
388 643 409 702 δ’
425 643 477 700 άπὸ
489 642 585 701 τούτων
600 640 645 699 δύο
656 644 760 718 cohart,
775 640 876 701 Eiidem
891 643 936 699 ml
1060 656 1159 718 llursus
1170 653 1203 704 ah
1214 653 1254 703 his
1266 651 1343 703 urbes
1355 651 1429 715 duae,
1444 651 1542 703 Euboea
1555 662 1579 703 et

286 731 378 792 Μάλαι
391 728 591 808 κατῳκίσθησαν
605 730 824 805 ε’πικαλούμεναι,
1059 739 1149 808 Mylae,
1162 756 1226 808 quas
1239 747 1348 800 vocant,
1361 748 1423 789 sunt
1434 736 1559 801 conditam

287 810 333 877 εἶθ’
348 818 441 896 Ἱμέρα
456 818 501 875 καί
516 814 696 895 ’Ταυρομένιον
711 815 842 895 ἐχομένη·
1060 824 1157 877 deinde
1170 826 1277 876 Himera
1288 834 1314 876 et
1323 824 1532 875 Tauromenium
1546 824 1703 890 finitimum,

232 928 274 969 mo
288 908 353 966 εἰσὶν
367 906 394 965 δέ
408 913 492 963 πᾶσαι
506 903 660 965 Χαλκιδέων
673 896 752 962 αὗται
765 903 861 969 πόλεις.
1061 914 1108 964 Hae
1119 930 1210 965 omnes
1223 921 1285 963 sunt
1300 910 1377 963 urbes
1391 909 1611 965 Chalcidensium.

285 993 340 1062 Tite
354 992 473 1071 Δωρικάς
485 992 512 1050 δέ
524 992 605 1049 πάλιν
618 994 760 1069 ἀναγκαῖον
773 990 882 1070 φράσαι.
1061 1002 1119 1052 Jam
1133 1017 1195 1051 vero
1210 1000 1319 1051 Doricus
1331 1016 1437 1069 quoque
1451 1016 1555 1050 necesse
1569 1010 1605 1050 cst
1622 998 1718 1052 dicere.

265 1135 272 1146 .
286 1085 417 1163 Μεγαρεῖς
430 1083 589 1154 Σελινοῦνδ,
608 1083 630 1138 ol
646 1082 744 1158 Γελῷοι
759 1079 781 1136 δ’
797 1079 902 1136 ἔκτισαν
1061 1089 1226 1156 Megarenses
1240 1087 1412 1151 Selinuntem,
1426 1086 1501 1139 Geloi
1515 1086 1692 1139 condiderunt

287 1171 467 1250 Ἀκράγαντα,
484 1169 628 1238 Μεσσήνην
640 1170 663 1225 δ’
674 1166 764 1232 Ἴωνες
776 1170 805 1225 έκ
818 1165 928 1241 Σάμου,
1063 1176 1247 1243 Agrigentum,
1265 1177 1412 1229 Messanam
1427 1176 1503 1226 lones
1515 1191 1546 1226 ex
1558 1176 1649 1239 Samo,

287 1257 442 1337 Συρακόσιοι
455 1255 483 1314 δέ
495 1255 544 1326 τὴν
558 1255 715 1332 Καμάριναν
731 1253 887 1329 λεγομένην·
1061 1262 1189 1331 Syracusii
1201 1262 1366 1314 Camarinam
1378 1259 1492 1325 dictam3

231 1366 272 1405 aas
287 1344 361 1403 αὐτοί
376 1343 403 1402 δέ
418 1342 514 1413 ταύτην
526 1335 594 1421 ἦραν
606 1343 635 1399 έκ
649 1342 753 1421 βάθρων
768 1341 858 1412 πάλιν,
1062 1348 1110 1417 ipsi
1122 1358 1210 1400 autem
1221 1348 1290 1399 hanc
1303 1347 1464 1399 sustulerunt
1476 1366 1580 1400 rursum
1597 1348 1714 1400 funditus

287 1433 350 1511 πρὸς
363 1430 389 1499 ἓξ
404 1431 449 1502 ίτη
463 1430 507 1488 καὶ
518 1428 701 1506 τετταράκοντ’
716 1429 868 1509 ᾠκημένην.
1062 1434 1095 1487 ad
1107 1454 1151 1486 sea
1162 1453 1244 1487 annos
1256 1444 1282 1487 et
1295 1432 1467 1505 quadraginta
1480 1435 1633 1489 habitatam.

290 1514 375 1579 Αῖται
389 1517 436 1594 μέν
450 1508 494 1576 οὗν
506 1519 555 1575 εἶτ’
569 1520 596 1573 al
609 1517 697 1580 πολεις
711 1516 876 1586 Ἑλληνίδες·
1062 1524 1109 1575 Hae
1121 1523 1200 1591 igitur
1210 1522 1288 1574 urbas
1302 1532 1364 1574 sunt
1374 1522 1546 1586 Graecanicae,

287 1608 321 1665 τά
335 1606 362 1665 δέ
376 1603 455 1663 λοιπά
471 1603 583 1683 βάράαρ’
598 1603 653 1662 ἐστὶ
666 1608 718 1663 τῶν
732 1602 913 1680 πολισμάτων,
1062 1608 1160 1678 reliqua
1171 1607 1282 1661 barbara
1293 1619 1355 1661 sunt
1366 1608 1508 1679 oppidula,

290 1692 477 1773 Καρχηδονίων
492 1692 689 1770 ἐντειχισάντων
703 1690 763 1757 τοὺς
778 1692 881 1756 τόπους.
1063 1694 1163 1745 aaronita
1176 1712 1190 1745 a
1202 1695 1459 1762 Carthaginiensibus
1470 1694 1536 1747 loca.

231 1803 276 1841 ³00
290 1781 324 1840 ‘H
340 1780 362 1837 δ’
375 1778 477 1839 Ἰταλία
489 1778 621 1859 προσεχὴς
637 1778 685 1853 μέν
702 1780 756 1836 ἐστ’
772 1777 917 1855 Οἰνωτρία,
1062 1780 1135 1831 Italia
1148 1790 1235 1833 autem
1248 1781 1358 1840 linitima
1371 1792 1409 1833 ost
1420 1783 1572 1845 OEnotriae,

291 1868 404 1946 μιγάδας
417 1867 447 1926 τὸ
462 1866 587 1945 πρότερον
599 1865 656 1936 ἥτις
669 1864 731 1943 ἔσχε
747 1844 909 1943 βαράάρους,
1063 1883 1121 1934 quae
1132 1868 1205 1935 prius
1216 1864 1378 1919 diversarum
1391 1868 1508 1935 gentium
1520 1867 1644 1919 barbaros
1656 1869 1763 1934 hahuit,

287 1956 341 2013 άπὸ
355 1960 399 2013 τοῦ
415 1953 634 2019 δυναστεύσαντος
646 1952 751 2011 Ἰταλοῦ
762 1950 878 2026 τοῦνομα
1063 1953 1096 2004 ab
1111 1955 1256 2024 imperante
1270 1953 1335 2006 Italo
1349 1972 1445 2007 nomen

285 2042 420 2107 λαάοῦσα.
436 2040 538 2117 μεγάλη
555 2042 577 2098 δ’
590 2042 697 2119 ὕστερον
710 2040 774 2120 πρὸς
788 2040 902 2118 ἑσπέραν
1064 2050 1152 2102 nacta,
1168 2050 1256 2109 postea
1267 2050 1353 2091 autem
1364 2042 1458 2108 Magna
1472 2038 1506 2091 ad
1517 2039 1680 2093 occidentem

232 2213 309 2265 uides
321 2215 404 2275 ίίΙ,4.
418 2211 459 2264 Cl.
469 2214 581 2264 Pausan.
591 2212 640 2273 IV,
654 2210 699 2273 23,
717 2210 742 2262 3.
755 2210 893 2281 Callipolin
903 2229 920 2262 a
931 2212 1021 2262 Naxiis
1065 2213 1176 2263 Prorsus
1197 2210 1277 2277 igitur
1297 2209 1330 2262 ab
1344 2210 1385 2261 his
1404 2208 1507 2261 diversa
1526 2220 1588 2262 sunt
1606 2227 1665 2279 quae
1684 2209 1802 2263 ducentis
1824 2224 1851 2264 et

232 2291 368 2344 conditam
380 2293 442 2343 item
458 2301 546 2342 narrat
556 2268 649 2343 Stiaho
662 2308 689 2360 p.
702 2307 769 2358 272,
781 2308 829 2342 sua
841 2301 916 2342 aetate
927 2290 1021 2343 adrem
1065 2290 1255 2359 quinquaginta
1269 2285 1322 2339 sere
1333 2289 1409 2341 annis
1428 2299 1489 2358 post
1504 2287 1569 2341 facta
1586 2306 1641 2340 esse
1653 2300 1741 2341 narrat
1751 2290 1852 2341 Diodo-

234 2370 363 2422 desertam
383 2369 488 2432 dicens3
506 2379 630 2439 praeterea
650 2379 812 2421 memoratur
827 2388 869 2439 ap.
890 2369 1019 2421 Herodot.
1065 2386 1119 2420 rus.
1136 2366 1238 2435 Quodsi
1252 2378 1394 2437 utrumque
1409 2384 1567 2437 componere
1587 2368 1660 2431 velis,
1682 2368 1851 2421 statuendum

237 2451 298 2511 Vll,
313 2449 360 2509 154
377 2460 403 2501 et
414 2448 538 2517 Stephan.
553 2450 627 2517 Bya,
642 2446 713 2517 apud
727 2448 808 2499 alium
823 2448 965 2500 neminem.
981 2450 1021 2500 Si·
1066 2443 1132 2497 soret
1142 2446 1350 2497 Tauromenium
1363 2446 1453 2515 priscis
1468 2444 1518 2512 iam
1528 2446 1694 2516 temporibus
1707 2449 1849 2511 exstitisse,

236 2539 279 2579 tus
293 2528 416 2578 incertus.
431 2528 520 2578 Fuisse
540 2537 635 2596 putant
645 2525 801 2578 hodiernam
822 2525 961 2579 Gallodoro
982 2525 1021 2577 vel
1065 2522 1161 2575 deinde
1169 2541 1230 2575 vero
1239 2522 1367 2587 dirutum,
1378 2521 1620 2594 Dionysiidenique
1632 2527 1794 2595 temporibus
1804 2527 1851 2579 de-

236 2622 319 2675 prope
333 2603 450 2657 llloscoli
468 2603 581 2655 secchio.
597 2605 608 2672 11
622 2633 658 2644 -
677 2607 738 2673 287.
752 2603 859 2655 εὗάοικαὶ
877 2604 950 2667 σοιΙ.;
967 2622 1019 2655 om.
1066 2620 1120 2654 nuo
1131 2620 1186 2653 esso
1198 2601 1363 2654 aedifreatum.
1377 2604 1468 2671 Neque
1480 2602 1530 2654 hoc
1539 2602 1605 2655 adeo
1615 2604 1787 2674 improbabile
1796 2624 1852 2658 esse

236 2684 383 2735 Cluverius.
398 2681 498 2734 Euboeo
508 2683 699 2734 Leontinorum
713 2682 816 2735 colonia
828 2682 877 2735 luit
887 2702 939 2735 sec.
951 2684 1022 2735 Stra·
1066 2682 1234 2745 concesseris,
1252 2682 1272 2732 si
1287 2680 1398 2733 aliorum
1409 2680 1461 2733 sata
1471 2681 1619 2734 Siculorum
1631 2684 1791 2754 oppidorum
1805 2686 1851 2736 ite-

236 2760 300 2812 bon.
312 2778 340 2831 p.
355 2776 422 2829 2723
435 2759 495 2811 coll.
509 2761 545 2823 X,
557 2778 584 2829 p.
606 2764 668 2828 449,
682 2760 747 2812 ιιίνί;
771 2760 862 2812 Ertaia
880 2761 1021 2813 Χαλκιδέων
1066 2776 1127 2810 rum
1142 2759 1288 2827 iterumque
1302 2756 1452 2811 dirutorum
1470 2770 1727 2830 restauratorumque
1738 2780 1851 2833 perpen.

236 2845 285 2891 τῶν
299 2838 352 2890 ἐκεῖ
359 2839 464 2908 κτίσμα,
477 2838 507 2904 ἣν
518 2837 600 2890 Γέλων
611 2837 769 2905 ἐξανέστησε,
782 2840 824 2891 καί
837 2839 934 2911 ἐγένετο
947 2842 1021 2910 ppei·
1067 2836 1144 2887 cleris.
1158 2840 1279 2889 Attamen
1295 2834 1486 2889 dubitationem
1496 2849 1584 2891 movet
1598 2857 1649 2891 νοιι
1662 2838 1768 2912 ἐχομένη
1779 2844 1852 2911 apud

236 2938 289 2988 ρων
312 2917 477 2988 Συρακοσίων.
498 2916 632 2970 Strabonis
657 2929 730 2971 νείκεε
746 2918 810 2971 urbs
837 2919 938 2972 deserta
955 2930 1019 2972 erat.
1067 2916 1218 2986 Scymnum.
1231 2916 1298 2968 Nam
1307 2916 1514 2969 Tauromenium
1527 2916 1599 2988 quod
1614 2936 1705 2971 omnes
1718 2921 1851 2987 novimus,

237 2997 350 3052 Aliunde
362 3016 415 3050 non
427 3007 498 3050 nota.
510 2999 582 3050 Fert.
597 2997 752 3050 hodiernam
766 2998 866 3050 Eubuli
876 2999 916 3050 vel
927 2998 961 3050 ad
976 2998 1022 3051 Li·
1067 2994 1100 3046 ah
1113 2996 1219 3046 Himera
1239 2995 1311 3047 abest
1322 2996 1479 3064 longissime.
1500 2999 1589 3066 Quare
1606 2997 1730 3069 λεγομένη
1749 3001 1854 3070 scripsit

235 3077 426 3131 corliomluisse
436 3079 586 3148 opinantur.
602 3078 612 3148 ΙΙ
624 3078 831 3147 -α88.Μγία,
843 3078 1021 3131 Zanclaeorum
1067 3073 1227 3138 Mcinelaius;
1242 3073 1316 3144 quod
1335 3075 1432 3126 imitari
1451 3091 1531 3127 ausus
1551 3095 1605 3128 non
1627 3095 1695 3130 sum.
1714 3079 1780 3132 Nam
1796 3081 1852 3131 lieri

236 3175 283 3209 seu
297 3157 490 3208 Messeniorum
508 3156 612 3208 colonia
627 3157 654 3207 in
669 3157 724 3226 ipsa
734 3174 827 3208 eorum
839 3156 940 3210 ditione
950 3177 1023 3211 com-
1067 3164 1152 3224 potest
1170 3163 1199 3206 ut
1210 3152 1281 3205 aliud
1300 3170 1408 3223 prorsus
1419 3155 1626 3208 Tauromenium
1645 3157 1718 3210 haud
1732 3159 1853 3226 longeab

236 3235 373 3306 prehensa,
396 3237 431 3286 V,
450 3234 542 3288 strabo
555 3252 583 3306 p,
600 3251 652 3303 ²7²
667 3246 693 3287 et
707 3245 764 3287 not.
782 3234 816 3288 ad
831 3236 929 3306 scytae.
943 3240 958 3304 ς
974 3242 1020 3302 14,
1067 3233 1175 3283 Himera
1190 3229 1310 3284 dissitum
1326 3231 1335 3302 (
1349 3230 1410 3283 fort.
1425 3250 1480 3302 quo
1493 3232 1552 3286 loco
1568 3235 1767 3305 Ceplmlmdium
1779 3255 1794 3289 a
1806 3255 1854 3308 po·

235 3331 263 3382 p.
274 3329 319 3364 aa.
333 3312 445 3366 Condita
454 3310 496 3364 Ol.
512 3317 553 3375 16,
568 3330 591 3365 1.
604 3317 666 3381 716,
677 3313 716 3364 uti
725 3331 759 3364 ex
771 3331 825 3366 uno
836 3315 957 3366 novimus
968 3318 1023 3368 En·
1067 3312 1183 3364 sterioris
1192 3311 1238 3362 aevi
1253 3311 1425 3381 scriptoribus
1437 3313 1616 3384 memoratur)
1629 3313 1767 3379 indicetur,
1778 3317 1853 3387 quod

236 3392 318 3445 sebio.
329 3393 452 3445 Ceterum
461 3391 495 3444 de
504 3391 666 3461 temporibus
675 3391 835 3462 reliquarum
847 3394 874 3444 in
885 3394 971 3448 Sicilia
980 3414 1023 3446 co·
1067 3408 1129 3442 cum
1151 3401 1213 3442 nota
1232 3391 1336 3442 serioris
1354 3391 1401 3442 aevi
1421 3390 1486 3442 urbe
1501 3391 1594 3444 Strabo
1606 3391 1765 3446 confuderit.
1789 3397 1800 3463 li
1818 3426 1854 3435 —

236 3469 367 3524 loniarum
378 3470 444 3522 nihil
452 3488 557 3534 moneo,
565 3489 650 3541 quum
662 3472 782 3524 intricata
791 3474 825 3524 sit
833 3473 951 3541 quaestio,
964 3491 1024 3542 quae
1068 3485 1130 3537 ²9²·
1139 3471 1178 3520 De
1186 3468 1343 3538 ipsiusGelae
1352 3469 1453 3538 origine
1462 3486 1571 3521 monere
1578 3481 1670 3523 auctor
1679 3473 1799 3540 neglexit.
1814 3479 1854 3528 De

235 3551 327 3618 paucis
336 3549 469 3618 profligari
478 3560 598 3618 nequeat.
613 3551 624 3619 ΙΙ
636 3552 744 3618 -α89,
755 3549 891 3602 Himeram
901 3549 924 3601 ol
935 3551 959 3603 έν
972 3552 1024 3604 Mil-
1068 3549 1227 3618 Agrigento,
1246 3549 1365 3599 Messana
1379 3557 1405 3599 et
1425 3548 1564 3599 Camarina
1582 3566 1608 3601 v.
1624 3549 1711 3602 Thac.
1728 3553 1777 3617 Vl,
1796 3555 1822 3606 5.
1838 3559 1849 3624 ,l

237 3626 292 3686 λαις
299 3626 395 3678 ἔκτισαν
405 3626 551 3697 Ζαγκλαῖοι,
558 3629 597 3679 uti
605 3627 698 3680 strabo
706 3629 753 3680 ait.
766 3625 848 3697 Ἱμέρα
855 3627 903 3682 tat
913 3629 1024 3699 Ζάγκλης
1067 3657 1102 3666 -
1114 3627 1176 3695 293.
1192 3626 1290 3691 Μέσσην
1303 3624 1374 3688 cod.;
1389 3643 1440 3678 em.
1454 3625 1546 3695 Scalig.
1562 3626 1572 3696 ΙΙ
1586 3657 1622 3667 -
1631 3633 1692 3696 ε94.
1708 3629 1853 3700 Μακαρίναν

237 3703 330 3773 ᾠκίσθη
339 3703 460 3774 Thucyd.
472 3706 521 3769 VI,
534 3705 683 3776 l.;0lymp.
692 3707 736 3769 33,
750 3722 774 3757 ι.
784 3710 835 3768 648
848 3725 900 3760 sec.
909 3708 1021 3762 Diodor.
1069 3705 1141 3769 cod.;
1155 3724 1208 3758 em.
1219 3705 1340 3773 Scaliger.
1356 3706 1366 3773 ll
1381 3735 1417 3745 -
1435 3710 1496 3774 296.
1518 3703 1632 3758 Condita
1643 3707 1781 3762 Camarina
1799 3731 1851 3764 sce.

238 3784 319 3846 XIII,
335 3787 380 3835 62.
399 3785 409 3851 ΙΙ
424 3811 460 3823 -
472 3783 698 3855 Ταυρομένιον
712 3784 740 3836 δέ
753 3790 802 3837 τῶν
817 3785 843 3838 έν
856 3785 940 3858 'rsty
958 3787 1023 3859 Ζαγ-
1069 3784 1166 3836 Euseh.
1183 3787 1258 3837 Arm.
1272 3782 1314 3835 Ol.
1327 3783 1371 3848 45,
1386 3785 1411 3835 3.
1427 3783 1477 3853 598
1493 3783 1558 3855 (45,
1572 3800 1650 3837 nsec.
1664 3787 1819 3859 Hieronym.
1832 3791 1854 3862 );

238 3861 332 3913 κλαίων
346 3861 484 3933 (κτίσμα),
497 3863 592 3916 Strabo
603 3881 630 3934 p.
644 3867 705 3916 268.
717 3866 792 3916 Hanc
803 3863 916 3934 Hyblam
929 3868 1024 3920 Noster
1068 3865 1154 3934 prima
1168 3862 1224 3932 ejus
1235 3863 1335 3914 eversio
1347 3861 1440 3915 incidit
1452 3865 1478 3914 in
1497 3862 1539 3915 Ol.
1561 3862 1603 3932 57.
1623 3863 1691 3929 552,
1704 3885 1755 3918 soc..
1769 3869 1852 3922 schol.

238 3942 266 3992 in
281 3951 381 3994 antece.
395 3959 542 3994 memorare
555 3944 657 4006 omisit;
671 3953 710 3995 est
726 3942 811 4013 Hybla
821 3961 905 4015 prope
919 3945 1023 3998 AEtnam
1069 3941 1176 3994 Piadar.
1189 3940 1231 3992 Ol.
1246 3941 1281 4004 V,
1300 3943 1341 3992 ati.
1354 3939 1543 3994 Intermedium
1556 3941 1636 4010 igitur
1648 3945 1760 4013 spatium
1772 3964 1856 3998 anno-

238 4020 272 4071 ad
286 4020 445 4090 symaethnm
460 4021 572 4072 fluvium
593 4022 656 4085 sim,
670 4020 761 4091 quaei]
782 4023 872 4092 μείζων
891 4040 933 4093 ap,
951 4025 1024 4076 Thu.
1069 4037 1129 4071 rum
1141 4017 1310 4088 quadraginta
1329 4037 1383 4070 sex.
1408 4021 1442 4072 V.
1464 4019 1580 4073 Clinton.
1598 4018 1632 4072 ad
1643 4037 1687 4074 an.
1713 4023 1855 4092 59911-

238 4097 1024 4240 autumasaareanm
1069 4094 1854 4234 :titilusintribuatur“sila

538 4209 545 4235 ,
785 4212 790 4223 .
852 4213 859 4224 .
1166 4217 1171 4227 .

236 4249 444 4301 Tauromenium
452 4250 572 4320 Dionysii
579 4191 687 4302 delubra
695 4251 868 4320 temporibus,
881 4270 924 4304 aa.
938 4254 989 4322 396
999 4273 1022 4307 a.
1069 4256 1167 4308 Siculas
1175 4266 1267 4307 auctor
1279 4255 1448 4307 recensuerit.
1464 4256 1594 4324 11-300.
1608 4256 1683 4309 Italia
1696 4275 1747 4310 sec.
1764 4261 1854 4311 Antio·

238 4327 281 4389 C,
293 4345 309 4378 a
320 4325 416 4379 Siculis
429 4326 493 4378 urbs
505 4326 630 4380 aedificata
643 4339 691 4381 est.
707 4333 796 4394 Quare
814 4331 857 4381 Du
868 4330 945 4382 Theil
953 4332 1025 4403 apud
1070 4335 1149 4386 chum
1163 4336 1353 4404 Syracusanum
1380 4332 1388 4402 (
1409 4331 1441 4388 lr.
1458 4337 1474 4397 4
1490 4351 1547 4403 sqq.
1562 4333 1571 4405 )
1595 4353 1638 4406 ap.
1665 4337 1788 4390 Strahon.
1805 4339 1852 4399 Vl,

238 4405 392 4458 Strabonem
400 4405 540 4476 legendum
547 4407 709 4477 putahatn's‘rr
716 4406 830 4480 ἐνὝάλῃ
837 4409 1026 4480 Σικελῶνριιο
1070 4431 1097 4482 p.
1113 4414 1174 4475 254,
1189 4413 1344 4482 Dionysium
1358 4410 1416 4464 Hal.
1430 4413 1453 4474 I,
1472 4411 1504 4464 35
1515 4423 1540 4464 ct
1552 4413 1660 4466 Aristot.
1675 4413 1731 4467 Pol.
1748 4417 1810 4478 Vll,
1827 4435 1853 4483 9,

239 4501 307 4553 opus
315 4502 370 4536 non
385 4503 440 4537 esse
451 4485 516 4538 dicit
525 4484 706 4538 Groskurdius
712 4505 719 4550 ;
734 4503 795 4538 nam
808 4487 940 4540 Zanclaeos
954 4489 1025 4542 haud
1072 4493 1086 4542 3
1102 4493 1218 4561 primum
1230 4501 1286 4542 erat
1307 4507 1337 4541 ea
1349 4491 1486 4542 OEnotriae
1506 4507 1566 4559 pars
1584 4508 1643 4561 quae
1660 4491 1751 4544 indea
1772 4495 1855 4564 Nape-

239 4561 321 4614 duhie
343 4562 422 4616 luisse
438 4564 558 4630 Siculos,
581 4566 628 4635 qui
649 4565 744 4617 Zancle
761 4565 872 4636 profecti
893 4578 920 4619 et
941 4569 1025 4638 Mylas
1070 4571 1159 4622 tinoet
1169 4568 1304 4638 Scylletieo
1318 4570 1378 4620 sinu
1391 4568 1763 4636 meridicmrersusescurrit;
1775 4573 1856 4642 ipsius

239 4649 265 4690 et
283 4639 395 4710 Hyblam
413 4644 570 4707 tenuissent,
592 4642 658 4694 adeo
669 4653 700 4695 ut
723 4641 834 4696 Diodori
848 4654 874 4695 et
890 4644 1025 4697 Strabonis
1071 4667 1133 4702 vero
1144 4648 1267 4701 Antiochi
1277 4659 1350 4700 aetate
1362 4647 1441 4699 Italiae
1451 4665 1547 4700 nomen
1552 4647 1607 4719 jam
1618 4650 1764 4720 pertinebat
1772 4670 1858 4722 usque

239 4720 401 4770 narrationes
408 4722 541 4774 conciliari
548 4732 663 4792 possent.
675 4725 798 4774 Attamen
808 4723 864 4774 haeo
871 4722 944 4774 nihili
953 4736 1024 4777 sunt.
1068 4727 1102 4780 ad
1115 4731 1199 4781 Laum
1212 4728 1322 4779 llitvium
1330 4737 1356 4778 et
1365 4719 1566 4796 Metapontium.
1577 4728 1678 4781 Eodem
1687 4729 1768 4782 inodo
1777 4733 1856 4784 ctiam

239 4797 306 4848 Nam
320 4814 402 4866 quum
421 4800 515 4852 Noster
528 4811 554 4852 et
572 4800 664 4852 Strabo
680 4799 715 4852 de
733 4801 826 4853 Siculis
840 4802 950 4853 coloniis
960 4802 1026 4854 adeo
1069 4805 1252 4877 Thucydidem
1265 4805 1383 4858 statuisse
1400 4804 1462 4857 inde
1476 4805 1615 4874 colligitur,
1635 4807 1708 4876 quod
1721 4809 1858 4878 Metapon-

239 4876 309 4927 iuter
322 4893 350 4927 se
367 4879 521 4944 concinant,
541 4891 571 4932 ut
583 4898 615 4930 ex
630 4877 723 4931 eodem
738 4880 853 4932 hausisse
864 4880 935 4932 sonte
947 4899 1026 4952 appa·
1071 4887 1136 4938 tium
1155 4889 1197 4950 τῆς
1218 4883 1324 4944 Ἰταλίας
1342 4882 1406 4935 dicit
1421 4883 1503 4954 (Vll,
1517 4886 1560 4949 33,
1577 4885 1591 4936 5
1607 4888 1628 4954 ),
1637 4886 1782 4938 Tarentum
1794 4905 1858 4938 vero

239 4964 324 5018 aeaut,
334 4956 463 5025 Scymnus
472 4969 559 5009 autem
572 4959 781 5011 Tauromenium
794 4958 1026 5012 interChalciden-
1071 4964 1181 5033 Iapygiae
1200 4980 1334 5015 accensere
1355 4961 1460 5014 ridetur
1474 4965 1540 5030 (VI,
1555 4967 1599 5026 44,
1622 4968 1671 5032 a),
1686 4973 1716 5016 ut
1735 4981 1858 5034 expresse

238 5049 280 5084 ses
300 5033 416 5087 colonias
435 5047 583 5102 recenseat,
606 5049 810 5090 consentaneum
836 5049 875 5091 est
895 5039 1026 5092 Zanclws
1072 5041 1132 5094 lacit
1152 5041 1298 5095 Antiochus
1316 5059 1359 5112 ap.
1382 5041 1538 5093 Strabonem
1557 5058 1584 5111 p.
1604 5041 1666 5105 254,
1682 5039 1740 5093 coll.
1761 5059 1788 5111 p.
1811 5059 1856 5111 27.

240 5111 361 5180 llyblaeos
372 5133 415 5185 ap.
430 5116 584 5169 Strabonem
596 5136 650 5170 non
663 5117 763 5170 Siculos
777 5117 843 5182 dici,
859 5117 905 5170 sod
919 5120 1026 5171 Graecos
1070 5121 1198 5190 Scyrnnus
1221 5130 1307 5172 autem
1332 5119 1493 5190 (Ephorum
1517 5121 1651 5189 sequens)
1670 5117 1704 5170 ab
1726 5119 1866 5171 Antiocho

240 5189 363 5257 colonos,
375 5196 420 5263 qui
430 5197 638 5248 Tauromenium
655 5197 694 5249 rel
712 5209 875 5267 occuparunt
891 5197 930 5250 rel
943 5197 1024 5250 adili·
1069 5211 1175 5250 eatenus
1185 5197 1314 5262 dissentit,
1329 5199 1402 5269 quod
1412 5199 1555 5250 Tarentum
1571 5197 1662 5249 urbem
1680 5195 1761 5249 ltaliae
1774 5213 1859 5248 annu-

240 5280 335 5322 cnrunt
348 5270 440 5325 eudem
460 5273 512 5326 lere
530 5286 715 5346 temporeque
734 5277 841 5329 Himera
855 5277 960 5330 cortrlita
972 5289 1021 5331 cst.
1071 5289 1184 5331 meratv.
1199 5279 1257 5333 330.
1275 5279 1308 5331 σί.
1327 5297 1350 5332 ν.
1370 5280 1429 5331 341.
1445 5279 1455 5346 11
1471 5309 1506 5318 -
1516 5279 1576 5330 3οι.
1589 5295 1614 5328 τε
1625 5275 1743 5346 πρότερον
1757 5275 1857 5340 roden
