3950 5925
267 464 311 515 n
465 506 469 512 .
854 449 1034 511 seruans
1056 448 1348 511 CARYANDENSIS
1857 450 1890 527 p)

272 584 372 658 Ἐλία,
402 588 475 650 aaa
502 584 623 662 Θουρίων
647 580 777 657 ἀποικία,
803 581 953 653 Πανδοσία,
980 583 1056 640 Πλα·
1099 590 1200 641 riorum
1213 586 1326 649 colonia,
1340 584 1478 651 Pandosia,
1491 586 1635 640 Plateenses
1649 588 1889 661 (leg.(lumpseti11),

271 679 352 745 ιειῑς,
365 675 481 753 Τιρίνιι,
501 669 651 743 Ἱππώνιον,
673 668 789 746 Μίσμα,
808 668 917 748 Ῥήγιον
936 666 1059 747 lapurd-
1098 676 1206 739 Terina,
1220 674 1394 746 Hipponium,
1408 676 1517 737 Masma,
1529 674 1658 743 Rhegium
1673 679 1890 746 promontorium

273 782 328 838 ριον
343 760 389 818 sal
400 758 486 823 nilve.
1101 773 1127 815 et
1140 761 1213 814 urbs.

272 979 381 1049 Oouplnv
393 977 434 1030 ἀπ.
450 976 564 1042 codices,
577 994 636 1047 quse
647 978 777 1047 scriptura
788 976 900 1029 eonssata
909 993 923 1028 e
932 993 1058 1046 oompen·
1100 972 1223 1041 leguntur
1240 972 1289 1035 111,
1306 988 1338 1024 ιο
1353 988 1360 1023 ;
1379 970 1474 1023 Terina
1487 970 1611 1043 simisque
1631 973 1719 1039 ingens
1738 974 1873 1028 Terinam
1881 998 1893 1037 ;

271 1058 322 1111 diis
335 1057 395 1110 ’Et‘
401 1068 428 1110 et
439 1055 502 1124 lia⁴5
524 1075 576 1109 em.
590 1058 624 1109 Ο.
640 1055 737 1108 Mulier
750 1055 859 1108 Etrusl.
880 1058 907 1120 Ι,
922 1074 950 1126 p.
971 1056 1019 1125 159
1034 1064 1060 1107 et
1099 1050 1226 1124 oppidum
1239 1048 1375 1103 &mentia
1389 1048 1461 1101 intus
1476 1047 1503 1101 in
1512 1050 1656 1121 peninsula
1664 1074 1674 1113 ,·
1684 1052 1791 1121 fluuius
1805 1054 1893 1107 Ache-

272 1137 398 1204 Goetting.
412 1136 469 1189 Gel.
482 1138 552 1188 Anz.
566 1134 666 1188 1832n.
675 1134 737 1199 203,
749 1144 887 1205 postquam
901 1132 1060 1206 'Ellarepo-
1099 1148 1154 1192 ron,
1168 1148 1186 1181 a
1201 1148 1253 1201 quo
1266 1126 1395 1201 oppidani
1408 1128 1590 1182 Acherontini.
1607 1130 1729 1184 Acheron
1742 1150 1800 1185 asso
1810 1132 1893 1188 dehet

272 1228 361 1271 suerat
376 1216 528 1279 Cluverius,
543 1224 570 1266 et
579 1215 643 1275 Λᾶος
658 1214 686 1264 in
701 1212 770 1265 Eleae
781 1212 869 1265 locum
883 1212 1003 1266 sufficere
1015 1232 1059 1266 vo·
1098 1226 1167 1261 unus
1181 1227 1213 1261 ex
1234 1208 1335 1270 tluviis,
1355 1209 1401 1278 qui
1417 1208 1443 1259 in
1463 1207 1573 1262 Crathin
1592 1209 1743 1263 Cosentiam
1756 1213 1892 1282 pantesia-

270 1294 355 1349 luerat
366 1295 476 1348 Gallius.
490 1293 593 1347 Scilicet
608 1292 671 1345 Elea
681 1291 732 1345 suit
744 1292 942 1345 Phocaeensium
955 1293 1059 1347 oolonia
1097 1286 1204 1341 beatem
1213 1286 1344 1340 incidunt.
1360 1288 1422 1340 Hac
1437 1287 1517 1356 igitur
1528 1288 1619 1340 omnia
1630 1289 1665 1341 ita
1677 1290 1747 1343 inter
1759 1308 1788 1343 se
1799 1294 1891 1345 eonci-

272 1372 428 1443 (Herodot.
452 1375 483 1438 I,
507 1376 573 1441 1673
593 1370 688 1424 Strabo
707 1371 761 1436 VI,
778 1388 806 1442 p.
831 1371 902 1435 252;
930 1372 1059 1443 scymnus
1098 1377 1175 1430 nunt,
1196 1377 1226 1419 ut
1239 1384 1327 1430 nemo,
1341 1376 1418 1436 puto,
1435 1383 1516 1419 unam
1530 1368 1637 1437 Scymni
1649 1386 1741 1422 vocem
1752 1368 1890 1426 dimotum

271 1456 340 1520 247;
356 1451 449 1505 Suidas
465 1469 487 1503 s.
503 1468 529 1501 v.
541 1450 567 1521 );
581 1452 651 1503 laus
666 1459 765 1514 autem,
783 1466 944 1520 quamquam
958 1468 993 1504 ne
1003 1452 1059 1523 ipsa
1097 1447 1185 1515 potius
1196 1443 1421 1499 audiendamesse
1442 1444 1618 1499 contenderit.
1631 1448 1796 1515 anenus,
1814 1450 1890 1505 haud

270 1531 380 1600 quidem
406 1530 571 1583 Thuriorum
598 1528 716 1592 colonia,
744 1529 790 1581 sed
814 1548 830 1581 a
853 1529 980 1599 Sybaritis
1000 1542 1059 1601 post
1096 1526 1211 1577 excussis
1224 1534 1285 1576 vett.
1297 1524 1463 1587 testimoniis,
1476 1524 1728 1596 arbitrariaprorsus
1740 1530 1843 1583 ratione
1851 1532 1887 1583 ad

271 1610 393 1661 amissam
415 1609 527 1680 patriam
546 1606 653 1660 condita
672 1618 739 1661 esset
762 1608 913 1679 (Herodot.
938 1611 987 1673 vt,
1008 1626 1057 1676 ουρ
1096 1599 1757 1675 alterumltaliaelatusPandosiamponit;nimirum
1765 1607 1886 1675 cinna«,

271 1688 366 1741 Strabo
379 1706 407 1759 p.
422 1686 603 1750 2523·Plinitts
616 1688 838 1758 111,10;stept1.
856 1690 887 1740 Β.
903 1705 926 1740 s.
945 1706 971 1741 v.
985 1686 1008 1758 ),
1022 1687 1059 1741 ia·
1096 1682 1170 1735 urbis
1188 1681 1323 1735 hodierna}
1345 1698 1452 1745 nomen,
1470 1700 1565 1735 sonare
1582 1681 1669 1735 adhue
1692 1686 1886 1741 Aclemntinos

272 1767 347 1820 cilius
367 1778 456 1820 tamen
470 1765 635 1819 Thuriorum
654 1765 757 1819 colonia
774 1765 826 1818 diei
849 1777 963 1837 poterat,
985 1766 1059 1837 quod
1096 1761 1173 1814 Plinii
1188 1772 1284 1814 censet.
1301 1761 1364 1813 Haec
1383 1762 1511 1815 sententia
1532 1762 1559 1813 iu
1577 1779 1684 1833 mappas
1700 1765 1888 1835 Kiepertianas

272 1864 452 1918 saepenumero
470 1845 596 1916 Sybaritae
622 1856 649 1897 et
675 1845 771 1898 Thurii
795 1844 1007 1911 confunduntur,
1028 1865 1060 1900 ac
1097 1840 1227 1910 migravit.
1241 1838 1404 1893 Reichardus
1421 1838 1579 1893 Pandosiam
1594 1839 1708 1894 mediam
1722 1844 1798 1913 ponit
1816 1847 1890 1901 inter

271 1928 382 1980 omnino
393 1924 529 1997 probabile
541 1934 581 1977 ast
591 1924 707 1977 Thurios
718 1943 761 1977 eas
772 1924 888 1978 colonias
904 1925 1059 1997 quasSyba-
1096 1921 1245 1973 Cosentiam
1258 1929 1284 1972 et
1300 1917 1433 1984 Thuriost
1455 1919 1567 1989 LaPleus
1584 1918 1695 1973 &fldem
1711 1922 1798 1992 pflullo
1816 1924 1889 1979 lnsm

270 2006 328 2058 ritae
337 2005 371 2057 ad
384 2023 457 2058 mare
471 2002 640 2075 Tyrrhenum
650 2004 855 2068 constituerant,
870 2002 1057 2071 Posidonium,
1097 2000 1181 2053 Ῑλιιιιιι
1194 2009 1277 2053 notat.
1294 1998 1378 2051 Aliam
1393 1996 1551 2050 Pandosiam
1563 2015 1618 2051 non
1630 1998 1707 2069 longe
1717 2000 1750 2057 ab
1761 2003 1890 2057 liemclaa

272 2083 366 2149 Laum,
380 2082 512 2147 Seidrum,
523 2080 682 2135 hereditario
691 2081 875 2153 quodamjure
884 2082 974 2136 secisse
987 2102 1056 2138 suas.
1096 2089 1123 2132 et
1136 2080 1186 2133 Siri
1198 2080 1279 2132 lluvio
1292 2078 1369 2131 sitam
1381 2088 1510 2129 memorat
1521 2077 1677 2130 Plutarchus
1688 2080 1790 2150 Pyrrho
1801 2101 1826 2135 c.
1843 2090 1887 2149 16,

230 2218 242 2229 ,
270 2164 444 2233 Summopere
461 2160 579 2213 Thurios
594 2159 740 2213 elaborasse
759 2162 787 2213 in
808 2162 919 2231 imperio
932 2160 966 2213 ad
987 2180 1060 2215 mare
1096 2174 1175 2228 quem
1186 2176 1234 2211 cur
1243 2174 1341 2210 errasse
1350 2167 1376 2209 et
1388 2166 1506 2209 nostram
1520 2155 1677 2209 Pandosiam
1690 2158 1717 2209 in
1734 2158 1789 2212 illas
1800 2165 1889 2231 regio-

270 2240 439 2311 Tyrrhenum
457 2238 601 2305 dilatando,
623 2239 727 2308 colligas
741 2240 821 2291 etiam
843 2256 859 2291 e
878 2239 1001 2310 Polyaeno
1021 2244 1057 2306 11,
1096 2256 1142 2290 nes
1151 2236 1216 2291 salso
1224 2235 1386 2290 transtulisse
1405 2253 1466 2289 cum
1481 2234 1624 2305 Forbigero
1638 2236 1647 2307 (
1660 2237 1687 2289 in
1702 2240 1809 2309 Pauly's
1821 2246 1889 2295 Rea.

274 2319 755 2389 ro,1‚quicumTerinaeiseosbella
773 2320 880 2388 gessisse
889 2328 1007 2373 testatur.
1021 2323 1056 2374 V.
1096 2318 1160 2371 lenc.
1182 2337 1204 2371 s.
1222 2336 1246 2370 v.
1272 2316 1431 2389 Pandosia)
1454 2334 1620 2380 censeamus,
1648 2334 1726 2371 eausa
1748 2319 1819 2372 nulla
1835 2334 1886 2375 est.

270 2398 323 2452 Th.
342 2398 448 2452 hltiller.
459 2398 477 2451 l.
489 2398 507 2450 l.
518 2416 546 2469 p.
559 2400 602 2452 30.
616 2400 740 2452 Ceterum
752 2415 836 2468 quum
849 2396 944 2450 Thurii
955 2399 999 2452 Ol.
1013 2402 1057 2466 84,
1095 2398 1213 2453 Eandem
1225 2400 1296 2451 enim
1308 2398 1401 2451 urbem
1413 2399 1491 2451 etium
1503 2396 1656 2452 Aristoteles
1668 2400 1731 2454 Mir.
1747 2419 1771 2453 c.
1788 2420 1823 2471 97
1840 2405 1886 2457 ed.

274 2496 298 2531 1.
314 2482 364 2541 444
383 2480 435 2529 sint
448 2476 560 2541 conditi,
569 2477 679 2542 Gailius,
689 2488 720 2529 ut
731 2494 862 2529 summam
875 2477 1058 2548 antiquitatem
1095 2480 1241 2533 Westerm.
1251 2476 1337 2541 allert,
1348 2478 1394 2547 qui
1404 2478 1516 2547 Iapygiae
1525 2493 1581 2528 asse
1593 2486 1619 2528 et
1626 2494 1709 2548 prope
1715 2496 1773 2531 mm
1785 2481 1890 2535 llercu-

271 2558 383 2629 Seylacis
394 2558 434 2609 sui
444 2566 572 2621 tueretur,
585 2555 658 2608 urbis
668 2555 746 2626 hujus
757 2556 919 2608 mentionem
934 2556 974 2609 bis
984 2576 1059 2630 repe·
1095 2557 1126 2609 lis
1133 2558 1238 2627 vestigia
1249 2556 1388 2608 monstrari
1397 2566 1495 2608 narrat.
1508 2558 1519 2625 41
1532 2554 1722 2618 ὲ-Πλατεεῖς
1732 2560 1741 2625 ]
1750 2559 1793 2611 Sic
1801 2560 1888 2615 mdes

271 2637 347 2689 titam
355 2635 535 2707 interpolatori
544 2634 785 2702 vindicavit.Quod
794 2636 1058 2705 ineptestatuiosten-
1095 2638 1167 2701 Pan,
1187 2653 1241 2688 non
1261 2634 1403 2699 Πλαταιεῖς,
1422 2634 1460 2686 uti
1477 2632 1552 2686 editt.
1568 2633 1696 2687 Cluverus
1707 2636 1785 2689 scribi
1804 2639 1889 2693 voluit

271 2715 312 2769 dit
335 2715 495 2776 Intronnius
514 2714 531 2766 l.
554 2715 571 2767 l.
594 2715 683 2767 Eleam
701 2712 852 2767 Herodotus
871 2732 920 2768 suo
941 2725 1059 2787 tempore
1095 2714 1221 2767 llavboole
1237 2713 1391 2777 Πλαταιέων,
1415 2712 1546 2766 Pandosia
1567 2713 1749 2767 Plataeensium
1770 2716 1885 2771 colonia.

275 2794 365 2861 Ὑέλην
376 2793 473 2847 dictam
483 2811 538 2846 esse
552 2803 655 2859 narrat,
667 2804 698 2846 ut
709 2794 772 2847 hinc
785 2810 892 2863 quoque
900 2795 997 2847 Noster
1007 2798 1059 2849 He·
1094 2795 1246 2849 Mazoehius
1258 2792 1359 2866 (Tabb.
1374 2792 1477 2845 Herael.
1487 2809 1515 2863 p.
1528 2808 1573 2846 101
1588 2810 1629 2863 sq.
1640 2792 1650 2864 )
1663 2810 1669 2844 :
1684 2817 1695 2838 ι
1707 2794 1775 2846 Fieri
1788 2806 1886 2866 potest,

271 2874 368 2926 rodoto
386 2871 478 2944 junior
498 2891 553 2925 esse
567 2883 734 2942 coarguatur.
750 2875 790 2925 De
807 2874 916 2926 nomine
938 2874 1012 2927 urhis
1031 2894 1056 2929 v.
1095 2885 1126 2926 ut
1136 2874 1213 2927 sicuti
1224 2876 1250 2927 in
1263 2874 1350 2926 vicino
1364 2871 1520 2939 Pandosiae[
1532 2874 1571 2923 De
1580 2871 1630 2924 lene
1639 2871 1740 2925 vicinio
1752 2872 1823 2925 nili!
1832 2887 1888 2927 tru-

271 2951 395 3006 Dindorl.
412 2953 438 3005 in
448 2953 486 3005 St.
500 2951 580 3005 Thes.
597 2952 608 3021 ΙΙ
617 2983 653 2992 -
662 2950 840 3020 Πανδοσλα]
859 2953 900 3005 De
917 2953 969 3005 situ
980 2953 1059 3025 hujus
1095 2954 1199 3024 ditium]
1209 2953 1314 3008 Thebas
1326 2955 1445 3007 Lucanas
1459 2950 1634 3022 (a'l'hebanis
1648 2952 1740 3023 utique
1748 2953 1887 3024 conditas)

271 3033 345 3085 urhis
356 3034 515 3085 recentiores
527 3033 599 3084 varia
607 3031 753 3084 admodum
762 3033 913 3101 opinantur.
934 3036 965 3085 ln
976 3035 1059 3089 medi·
1094 3035 1222 3087 exstitisse
1236 3034 1302 3087 Cato
1317 3031 1388 3103 apud
1407 3030 1544 3103 Plinium(
1558 3033 1607 3096 111,
1628 3031 1659 3084 15
1674 3031 1684 3104 )
1698 3045 1837 3098 memorat,
1848 3038 1887 3088 sic

271 3113 397 3164 terraneis
405 3112 482 3164 sitam
494 3109 574 3164 luisse
581 3108 614 3162 ad
622 3109 801 3164 Acherontem
808 3109 939 3180 quendam
948 3114 1058 3168 lluvium
1095 3113 1247 3168 Plataeensas
1261 3113 1344 3165 Boeoti
1354 3109 1522 3175 Pandosiam‚
1537 3127 1597 3180 quae
1610 3109 1673 3162 olim
1688 3127 1780 3179 regum
1794 3115 1888 3166 OEno-

270 3191 311 3243 vel
321 3201 474 3255 torrentem,
488 3191 533 3261 qui
545 3189 651 3261 pervadi
666 3188 740 3242 sacile
753 3199 865 3260 poterat,
877 3189 990 3245 dubium
1004 3213 1058 3247 non
1095 3195 1152 3246 trive
1159 3193 1229 3262 regia
1241 3191 1325 3244 luerat
1336 3230 1343 3256 ,
1355 3191 1541 3260 immigrarint.
1557 3189 1588 3243 Id
1598 3189 1654 3241 lieri
1666 3189 1774 3259 quidem
1785 3195 1885 3262 potuit.

271 3281 320 3324 ast.
337 3270 427 3342 Scylax
442 3268 630 3322 occidentalem
654 3287 729 3322 oram
749 3269 837 3339 legens
849 3271 918 3323 inter
933 3273 1016 3326 hum
1032 3286 1058 3328 et
1094 3275 1193 3328 Tamen
1208 3272 1274 3326 nihil
1292 3289 1396 3324 necasse
1416 3281 1456 3324 est
1473 3272 1501 3323 in
1516 3280 1590 3323 textu
1610 3272 1706 3323 mutari
1727 3271 1885 3342 quidquam.

270 3349 443 3421 Clampetiam
454 3349 494 3401 vol
508 3359 578 3402 certe
588 3350 724 3414 Terinam,
734 3341 929 3420 Scymuus'iuti
945 3354 1059 3408 orienta-
1095 3353 1174 3407 Haud
1187 3370 1249 3406 raro
1271 3369 1324 3404 vox
1341 3349 1434 3403 eadem
1450 3350 1524 3403 urbis
1539 3349 1616 3402 simul
1634 3367 1665 3402 ac
1686 3350 1777 3420 populi
1799 3350 1885 3406 luit...

270 3429 321 3482 lem
330 3448 405 3483 oram
414 3429 501 3499 legens
512 3431 580 3482 inter
591 3430 735 3482 Crotonem
748 3439 775 3482 et
785 3429 901 3482 Thurios
908 3449 966 3484 eam
978 3432 1058 3486 collo·
1094 3435 1186 3503 Itaque
1199 3431 1265 3485 nihil
1282 3429 1423 3502 prohibet,
1445 3429 1587 3499 quominus
1602 3428 1744 3499 aliquando
1755 3431 1841 3484 Boou
1858 3433 1886 3485 in

270 3521 320 3561 cat.
334 3510 488 3580 Propiorem
505 3526 568 3561 vero
582 3507 661 3560 luisse
674 3507 745 3561 litori
758 3507 913 3562 occidentali
929 3511 992 3564 inde
1006 3513 1058 3566 col-
1094 3513 1189 3565 vicinia
1200 3509 1338 3564 Pandosia}
1347 3520 1405 3561 tum
1413 3508 1518 3561 Thebas
1527 3519 1585 3560 tum
1597 3507 1743 3571 Πλαταιεῖς,
1754 3509 1884 3572 Pluteos,

271 3587 335 3655 ligo,
346 3587 419 3659 quod
431 3604 485 3639 una
498 3604 559 3639 curn
573 3585 652 3657 hujus
661 3604 715 3639 orae
726 3585 838 3639 urbibus
847 3588 940 3642 Strabo
951 3608 1058 3663 quoque
1094 3591 1271 3645 condiderint.
1280 3593 1315 3643 At
1325 3587 1507 3641 verisimileest
1513 3597 1632 3640 neutram
1639 3585 1686 3639 diu
1693 3586 1859 3658 perdurasse.
1870 3616 1882 3636 .

269 3666 319 3731 Vl,
332 3683 359 3736 p.
375 3666 427 3718 256
438 3665 605 3729 Pandosiam‚
616 3675 643 3718 et
655 3665 755 3719 Plinius
772 3668 823 3731 ΙΠ,
840 3668 1056 3725 toAcherontem
1094 3668 1286 3726 Commendare
1301 3669 1358 3721 haec
1371 3667 1431 3720 licet
1445 3668 1476 3720 iis
1489 3685 1547 3738 quae
1565 3665 1598 3718 de
1616 3667 1714 3719 uoeous
1732 3667 1759 3718 in
1778 3669 1888 3738 Iapygia

270 3755 416 3797 recensent.
434 3743 580 3816 (Ceterum
596 3743 696 3798 Plinius
714 3737 786 3817 (ΙΠ,
805 3746 854 3818 15)
868 3746 903 3800 de
916 3749 972 3823 ipsa
989 3752 1057 3804 Pan·
1095 3753 1104 3824 (
1121 3751 1215 3805 Strabo
1226 3753 1276 3814 IX,
1287 3767 1315 3821 p.
1327 3748 1378 3812 405
1394 3746 1415 3819 ),
1432 3746 1660 3801 dePlataeensibus
1673 3747 1700 3798 in
1712 3746 1799 3799 Sicilia
1814 3748 1888 3820 (Po-

270 3823 345 3876 dosia
367 3835 468 3876 certum
491 3823 557 3876 nihil
573 3825 677 3877 novisse
695 3823 810 3891 videtur,
826 3827 876 3878 nisi
897 3825 976 3881 luisse
998 3848 1056 3884 eam
1094 3832 1220 3903 lyrenv,
1239 3830 1264 3895 5,
1283 3828 1331 3900 1),
1358 3828 1486 3892 dehrne,
1499 3828 1583 3879 Boeoti
1604 3836 1631 3878 et
1642 3825 1709 3878 AEoli
1721 3835 1815 3891 matre,
1829 3829 1887 3880 hle·

271 3904 438 3956 Lucanorum
463 3902 557 3956 urlnm
576 3903 811 3969 mediterraneam,
833 3915 945 3960 testante
966 3909 1055 3963 Theo-
1094 3921 1231 3983 tapontum
1253 3907 1367 3962 abducta
1388 3906 1522 3981 (Diodor.
1542 3907 1592 3970 IV,
1615 3909 1659 3975 67.
1675 3902 1833 3958 Valckenar.
1850 3907 1885 3959 ad

269 3982 548 4056 pompo.)Deindein
560 3983 657 4036 arctius
666 3983 822 4037 contrahere
840 3983 935 4039 limitas
946 3986 1007 4042 lieet
1024 4009 1057 4043 ex
1093 3990 1176 4043 schol.
1199 3989 1293 4058 Eurip.
1311 3987 1405 4040 Phoen.
1424 3987 1490 4038 ιι86
1503 3985 1512 4054 )
1527 3983 1630 4052 collegit
1649 3985 1683 4036 Ο.
1707 3983 1835 4036 Mulierus
1857 3987 1886 4038 in

270 4064 346 4116 Livio
356 4065 433 4128 vltl,
445 4063 608 4125 a4.Isenim
621 4061 813 4116 dehlexandro
825 4065 933 4135 Epirota
947 4067 981 4119 ad
991 4071 1058 4122 Pan·
1097 4070 1167 4124 Min.
1194 4086 1221 4140 p.
1239 4071 1301 4130 401.
1323 4064 1375 4118 Sed
1395 4063 1493 4116 codicis
1511 4063 1620 4116 Parisini
1645 4062 1773 4132 scriptura
1794 4062 1886 4114 minus

270 4141 371 4195 dosiam
382 4152 476 4195 necato
487 4159 622 4212 exponens
633 4143 669 4194 ita
683 4141 748 4194 dicit
762 4159 768 4195 :
784 4143 869 4195 Hand
881 4147 978 4216 pmcttl
987 4151 1058 4201 Pun-
1092 4148 1147 4219 jam
1163 4147 1230 4200 lavet
1245 4146 1308 4198 huie
1319 4145 1449 4216 opinioni.
1460 4144 1562 4195 Verum
1580 4141 1696 4211 tetigerit
1708 4141 1862 4194 Gronovius
1876 4159 1882 4194 :

270 4220 355 4283 elmiza,
380 4220 442 4273 urbe
457 4218 606 4272 imminente
623 4221 739 4274 liaconis
763 4240 796 4274 nc
814 4223 930 4276 Brtutiiv
940 4224 1054 4294 finibus,
1098 4254 1108 4275 ·
1124 4227 1209 4291 Ordo,
1222 4226 1318 4295 inquit,
1336 4241 1391 4293 quo
1408 4224 1436 4274 in
1448 4219 1629 4274 enumerando
1643 4220 1729 4272 utitur
1740 4219 1844 4290 Scylax,
1857 4231 1886 4274 et

271 4309 323 4350 tres
343 4298 456 4351 evvmttlos
470 4297 579 4351 insedit.
595 4301 626 4362 In
647 4299 862 4353 antecedentibus
881 4320 943 4354 vero
954 4302 1057 4360 dixerat
1093 4305 1184 4370 litem,
1194 4314 1274 4375 prout
1283 4299 1547 4364 ediditlimsehelius,
1555 4299 1669 4352 clamant
1676 4307 1810 4350 auctorem
1818 4300 1885 4350 seri-

269 4379 419 4431 Cosevrtiam
433 4377 526 4430 urbem
540 4395 596 4431 esse
605 4380 784 4444 Lucanorum,
801 4381 928 4433 Terinam
940 4383 1057 4436 Bruttio-
1093 4386 1191 4456 psisse:
1208 4381 1342 4446 Πανδοσὶα,
1363 4380 1522 4450 diapente
1538 4403 1548 4426 ι
1562 4380 1612 4432 nisi
1625 4375 1698 4449 quod
1711 4376 1883 4430 scribendum

268 4474 339 4508 rum.
352 4457 418 4509 inde
432 4457 511 4527 igitur
525 4459 697 4528 consequitur
709 4457 866 4511 Pandosiam
886 4461 1055 4516 Lucanorum
1093 4465 1180 4535 potius
1188 4462 1352 4532 Κλαρπέιειοι.
1363 4458 1435 4512 Urbs
1445 4458 1479 4510 ad
1488 4475 1561 4510 mare
1569 4455 1744 4528 paullosupra
1753 4455 1883 4508 Terinam

268 4536 362 4588 urbem
378 4535 666 4608 (es.'1beopomp.fr.
687 4537 763 4610 aas)
781 4541 809 4591 in
828 4538 927 4591 smibus
940 4541 1056 4594 Bruttio·
1092 4543 1164 4614 sita(
1179 4541 1246 4594 hlela
1262 4543 1302 4606 Π,
1314 4543 1346 4604 4;
1362 4538 1461 4592 Plinius
1477 4541 1527 4602 ΠΙ,
1550 4554 1596 4601 ιο;
1619 4537 1709 4589 Livius
1722 4536 1824 4599 XXIX,
1837 4536 1882 4589 38.

270 4633 328 4667 rum
340 4617 430 4681 sitnm,
446 4617 472 4668 in
485 4635 516 4669 eo
531 4615 681 4687 ponendam
691 4635 746 4670 esse
757 4628 854 4683 tractu,
866 4619 912 4689 qui
928 4620 1056 4675 interCo-
1093 4622 1181 4684 XXX,
1196 4636 1226 4688 ¹9
1242 4619 1263 4690 ),
1280 4617 1412 4688 demmin
1426 4618 1453 4670 in
1463 4615 1530 4669 Tab.
1546 4616 1679 4684 Peuting„
1696 4614 1837 4684 Δαριπέιεια
1850 4631 1884 4666 ex

269 4695 379 4746 sentiam
397 4706 423 4747 et
436 4695 560 4748 Terinam
577 4694 680 4748 medius
701 4694 845 4766 interjacet.
865 4699 950 4750 Porro
972 4716 1054 4769 quum
1092 4699 1202 4770 Polybio
1216 4715 1258 4768 ap.
1277 4697 1367 4768 Steph.
1387 4699 1449 4768 Byn.
1470 4695 1512 4749 (Π.
1532 4695 1691 4766 Lycophrou
1710 4695 1801 4747 1068:
1823 4691 1885 4744 ἔνθα

265 4773 361 4843 Sepias
369 4775 591 4829 anteTerioamet
599 4786 658 4846 post
668 4775 825 4829 Pandosiam
833 4788 961 4830 tuemoret
970 4779 1054 4832 Clam·
1092 4780 1221 4850 Λαριπέτης
1244 4774 1373 4830 Ἱππωνίου
1396 4781 1508 4846 πρηῶνος
1530 4773 1562 4836 εἰς
1584 4773 1659 4840 τηῦλν
1678 4773 1748 4843 alpoz
1772 4771 1884 4840 σκληρὸν

269 4856 364 4923 petiam
377 4873 408 4908 ex
432 4856 617 4910 verisimillima
628 4858 757 4910 Gronovii
773 4857 934 4927 conjectura,
949 4877 1055 4914 accura-
1094 4859 1212 4911 νένευκεν.
1228 4859 1238 4927 11
1251 4887 1287 4896 -
1300 4856 1356 4926 'lep
1365 4856 1410 4907 tva
1424 4857 1433 4922 ]
1445 4857 1487 4909 Sic
1498 4855 1577 4908 etiam
1590 4851 1699 4916 Strabo;
1717 4851 1804 4921 Τέρινα
1820 4851 1885 4921 Sev-

269 4938 321 4989 tius
335 4937 412 4989 etiam
423 4934 475 4988 dici
486 4945 571 5006 potest
580 4936 737 4990 Pandosiam
752 4937 779 4989 in
793 4947 905 5006 angusto
916 4938 961 4991 illo
970 4949 1056 4993 tmetu
1093 4937 1247 4999 tntrus30li,
1264 4934 1383 4988 ulricum
1403 4933 1529 4988 Salinasio
1549 4933 1597 5000 leg.
1613 4932 1723 5002 Τέρεινιι,
1741 4931 1781 4982 uti
1803 4928 1884 4982 habet

270 5015 349 5069 luisse
357 5016 402 5087 qui
418 5017 487 5067 inter
500 5016 650 5068 Cnsentiam
662 5025 688 5068 et
701 5015 920 5086 Clampetiamest
934 5017 1056 5071 mediter·
1095 5015 1253 5087 Lycophron
1273 5019 1334 5084 726.
1349 5015 1360 5082 11
1371 5045 1407 5054 -
1419 5014 1443 5066 hl
1452 5015 1484 5066 ἑο
1493 5015 1549 5084 μοι]
1560 5013 1629 5065 illisu
1637 5009 1734 5074 eodem
1745 5008 1837 5078 lile'opa
1849 5012 1884 5060 A·

269 5111 374 5146 raneus.
390 5095 481 5164 Faque
495 5111 555 5146 curri
579 5096 707 5148 sententia
722 5095 806 5166 probe
825 5097 970 5149 concinunt
982 5099 1055 5167 quod
1093 5095 1224 5165 polimita.
1239 5110 1281 5163 ap.
1300 5094 1338 5146 St.
1352 5094 1414 5162 Byr..
1428 5109 1451 5144 s.
1472 5109 1497 5143 v.
1510 5101 1534 5143 et
1548 5091 1634 5160 Etvm.
1650 5090 1688 5142 M.
1706 5104 1734 5157 p.
1749 5088 1811 5149 581,
1827 5086 1881 5138 15:

269 5174 359 5226 Livius
372 5173 390 5226 l.
405 5173 422 5225 Ι.
443 5183 531 5226 narrat
547 5189 644 5243 eorpus
660 5173 801 5227 Alexandri
816 5175 945 5227 Cosentiae
955 5193 1054 5229 menta·
1094 5174 1193 5245 llls'opa,
1212 5173 1282 5235 πόλις
1296 5173 1421 5226 κτισθεῖσα
1434 5172 1481 5225 ὑπὸ
1493 5173 1601 5240 Λοκριῖιν,
1616 5169 1746 5239 ὁμώνυμος
1757 5171 1793 5218 τῶ
1804 5184 1883 5219 Μ·

268 5264 325 5306 ιιιιιι
339 5270 404 5316 esse,
422 5263 448 5304 et
462 5251 535 5321 quod
547 5252 641 5305 Strabo
651 5253 701 5316 vt,
717 5271 744 5323 p.
758 5253 810 5306 256
822 5253 980 5308 Pandosiam
998 5273 1054 5308 esse
1096 5255 1154 5325 ριῷ(
1170 5253 1247 5326 κρήνῃ
1261 5251 1358 5324 μεγάλῃ
1370 5269 1422 5304 see.
1436 5251 1558 5305 stratas.
1574 5251 1622 5314 vt,
1639 5265 1666 5319 p.
1678 5249 1731 5300 256
1752 5247 1773 5317 ).
1799 5247 1883 5300 Heca-

267 5331 345 5385 aet'ert
366 5331 452 5403 μικρὸν
470 5330 528 5402 ’νπὲρ
548 5331 713 5398 Ιιωνσεντῑας,
735 5342 760 5386 et
775 5350 833 5403 quae
854 5333 924 5405 apud
938 5335 1053 5388 Plinium
1095 5345 1145 5388 tao
1161 5352 1203 5406 ap.
1219 5335 1257 5388 St.
1272 5335 1332 5405 Byz.
1352 5341 1461 5385 voratur
1475 5331 1573 5404 hliigaq,
1586 5346 1665 5401 quam
1679 5327 1790 5381 lovrunut
1800 5333 1881 5380 etiarn
