3950 5925
118 437 149 514 ρ)
827 433 1026 495 renierus
1697 450 1727 501 n

118 566 187 645 νήστμ
194 563 278 639 λίμνη
290 563 479 636 dulceamina,
493 566 520 622 έν
532 563 560 622 δὲ
573 562 656 641 ταύτῃ
670 566 747 635 νῆσος
761 562 850 643 trip«,
864 566 901 631 al<
945 589 1000 643 quo
1012 572 1161 627 insulaalia.
1200 576 1231 627 ln
1244 575 1312 629 hanc
1321 577 1416 645 egressi
1426 575 1541 630 interdiu
1552 576 1616 630 nihil
1630 581 1734 650 conspi-

117 655 148 725 ἢν
165 652 314 720 ἆαοὸἄντες
330 651 433 732 ἡμέρας
455 650 503 728 μὲν
524 650 598 711 etth
620 654 781 732 ἄρεωρῶμεν
801 650 842 709 ὅτι
862 651 900 727 μὴ
945 658 1079 713 cicurum
1089 662 1138 717 nisi
1154 662 1230 715 silvas
1237 702 1245 727 ,
1261 674 1341 715 noctu
1351 674 1438 717 autem
1451 663 1546 718 multos
1558 666 1630 735 ignes
1640 666 1734 719 arden·

117 741 192 817 ὕλην,
201 737 295 805 νυκτὸς
312 737 427 819 dirupti
442 761 472 797 τε
487 737 574 796 πολλὰ
594 737 735 816 καιόμενα,
755 738 801 797 καὶ
812 737 900 817 ροννὴν
945 756 995 811 tes,
1005 758 1032 800 et
1043 766 1122 801 sonos
1130 750 1253 803 tibiarum
1263 751 1434 805 audiebamus
1442 764 1468 805 et
1474 752 1654 824 cymbalorum
1664 766 1733 827 tym-

119 871 152 886 ῤ

117 943 209 996 dicbus
219 953 361 1012 anteqrtam
372 941 402 993 in
412 942 500 993 sinum
513 942 671 1011 Hesperium
683 940 771 993 classis
782 940 899 1001 reniret,
952 940 1089 995 ochemate
1100 941 1227 1013 usquead
1238 942 1412 997 Atlantiadem
1428 945 1549 1000 insulam.
1562 946 1644 1000 Vides
1656 949 1734 1017 igitur

118 1020 339 1075 eircrrmllectendi
350 1020 445 1073 crant?
460 1022 515 1073 Nos
525 1021 606 1089 igitur
617 1038 670 1072 non
691 1020 904 1071 miseereineon-
946 1019 1085 1089 Polybium
1099 1031 1126 1073 et
1140 1022 1216 1075 Plinii
1233 1022 1286 1093 (V,
1301 1022 1354 1095 36)
1370 1034 1523 1089 auctorem,
1538 1030 1657 1097 quamvis
1670 1030 1734 1081 lles-

119 1120 193 1171 grua,
204 1100 253 1153 sed
263 1098 468 1153 rectedistinere
477 1100 504 1151 iu
518 1116 591 1169 seqq.
605 1096 780 1151 studebimus.
794 1099 905 1150 Constat
944 1099 1048 1168 perium
1061 1118 1133 1152 ceras
1141 1099 1301 1153 hodiernum
1313 1120 1364 1175 cup
1376 1106 1441 1155 Vert
1452 1105 1609 1175 intelligant,
1622 1109 1735 1162 minime

120 1180 232 1252 Hesperi
246 1197 320 1231 cerus
343 1196 387 1249 ap.
410 1178 598 1241 Ptolemaeum
611 1178 742 1241 Plinium,
763 1176 906 1230 Philostra·
945 1187 1033 1230 tamen
1053 1196 1084 1232 ea
1104 1198 1163 1250 quae
1176 1182 1272 1233 Hanno
1288 1180 1322 1233 de
1342 1199 1391 1234 suo
1411 1184 1520 1255 Hesperi
1543 1204 1627 1239 cornu
1646 1200 1735 1242 narrat

120 1270 176 1311 tum
191 1258 244 1329 (V.
266 1261 318 1328 Ap.
334 1259 383 1319 tv,
405 1257 486 1329 init.)
504 1272 560 1309 non
579 1258 668 1309 sinum
681 1274 753 1320 erse,
777 1255 824 1307 sed
841 1274 905 1327 pro-
946 1256 980 1308 ad
1001 1260 1214 1328 promontorium
1229 1258 1294 1312 illud
1309 1260 1423 1327 referre,
1443 1262 1489 1315 scd
1507 1263 1599 1317 eodem
1618 1265 1674 1319 loeo
1688 1285 1736 1337 po-

121 1338 285 1389 eustorium.
298 1338 380 1406 Atqui
399 1354 432 1389 eo
443 1336 518 1401 loeo,
530 1354 585 1407 quo
598 1338 696 1389 llanno
708 1337 797 1389 sinum
816 1334 904 1387 Ἕσπέ-
946 1354 1009 1389 nere
1025 1353 1079 1408 quo
1089 1340 1178 1409 posuit
1191 1340 1302 1403 Hann0,
1316 1339 1430 1411 ideoque
1442 1341 1512 1395 haud
1524 1346 1655 1397 censuisse
1664 1346 1735 1417 apud

120 1433 161 1485 ρου
186 1417 257 1487 πέρας
278 1418 371 1487 pouit,
395 1418 608 1487 promontorium
631 1416 801 1468 memorabile
821 1425 906 1469 exstat
946 1418 1105 1472 Hannonem
1116 1421 1223 1473 nomine
1235 1418 1353 1491 Ἑσπέρου
1366 1422 1434 1489 κε’ρας
1445 1422 1585 1489 significari
1597 1442 1648 1495 cup
1659 1429 1733 1477 Vert.

119 1496 237 1560 uullnm;
251 1497 351 1567 optime
361 1506 450 1547 autem
460 1494 573 1565 quadrat
586 1513 683 1547 nornen
699 1496 727 1546 in
746 1492 906 1547 hodiernum
946 1498 987 1550 Eo
1000 1509 1103 1552 tantum
1121 1500 1155 1553 ab
1172 1502 1310 1553 llannorris
1332 1502 1482 1553 narratione
1502 1502 1643 1569 recedunt,
1664 1504 1736 1574 quod

119 1594 169 1647 cup
181 1578 264 1637 Vert,
277 1575 375 1644 quippe
385 1572 459 1644 quod
473 1592 562 1645 reapse
573 1576 694 1627 omnium
706 1574 821 1626 maxime
831 1590 906 1626 occa-
947 1576 1079 1631 Atlantcm
1092 1578 1125 1631 ml
1138 1581 1226 1632 sinum
1240 1579 1314 1631 illum
1334 1590 1455 1650 ponunt,
1472 1581 1636 1651 insulamque
1650 1585 1736 1654 appel-

119 1652 904 1726 sumrersusproeurrit.1ndicatidpromontoriumilanno,
946 1655 1002 1709 lant
1019 1658 1212 1725 Atlantiadem,
1233 1659 1447 1731 mythologorum
1470 1660 1552 1712 secuti
1572 1676 1735 1729 commenta,

119 1735 164 1788 sed
179 1753 267 1806 neque
278 1752 377 1787 nomen
391 1733 449 1803 ejus
456 1733 543 1800 allert,
558 1752 645 1804 neque
657 1733 692 1786 de
704 1733 787 1802 ligura
807 1730 904 1797 docet,
946 1735 981 1788 de
1003 1738 1099 1807 quibus
1117 1738 1200 1791 fusius
1219 1742 1330 1810 exponit
1350 1738 1484 1792 Diodorus
1502 1742 1558 1805 111,
1576 1742 1619 1793 53.
1643 1744 1737 1797 Narrat

119 1815 184 1868 adeo
192 1826 225 1867 ut
236 1815 392 1867 Ptolemaeus
398 1814 531 1884 ceterique
542 1812 648 1866 aliunde
656 1814 819 1865 accuratiora
829 1811 863 1864 de
874 1829 907 1864 eo
946 1817 1018 1868 enim
1032 1835 1087 1870 esse
1102 1819 1129 1870 in
1143 1818 1183 1871 his
1201 1819 1354 1887 regionibus
1368 1817 1517 1885 Atlantem,
1537 1830 1564 1871 et
1578 1837 1660 1891 prope
1676 1842 1736 1876 curn

119 1895 248 1963 recepisse
270 1892 393 1944 debeant.
415 1892 486 1944 Huic
505 1894 584 1961 igitur
605 1893 790 1964 promontorio
807 1908 906 1943 nomen
946 1894 975 1946 in
987 1895 1128 1950 Tritonide
1148 1895 1244 1968 palude
1267 1895 1344 1969 (quae
1363 1914 1424 1949 curn
1446 1899 1507 1949 sinu
1524 1894 1642 1969 Ἑσπέρου
1657 1902 1738 1973 κέρατι

123 1970 242 2043 Ἑσπέρου
259 1970 504 2042 κέρσςίοάἰσίοτιιοῑ.
525 1971 557 2023 Id
577 1970 733 2023 translatum
748 1988 781 2022 eo
800 1988 857 2022 esse
872 1970 906 2023 ab
947 1974 1085 2028 Hannonis
1092 1975 1276 2047 componenda
1285 1976 1339 2049 est)
1351 1976 1430 2029 luisse
1440 1980 1602 2031 Amazonum
1615 1980 1736 2047 insulam,

118 2052 278 2121 cognomine
293 2052 355 2103 sinu
367 2051 515 2115 Hannonis,
528 2068 584 2102 nou
595 2049 778 2120 improbabile,
791 2050 839 2101 etsi
851 2066 906 2101 nou
952 2051 1103 2125 Ἑσπέραν
1118 2055 1231 2121 dictam,
1249 2072 1333 2126 quum
1348 2073 1437 2107 versus
1453 2074 1574 2109 occasum
1591 2060 1638 2111 sita
1660 2072 1735 2114 esset.

118 2132 216 2182 certior
226 2148 270 2182 res
281 2130 325 2194 sit,
335 2146 414 2199 quam
427 2129 449 2180 si
461 2130 520 2198 quis
531 2128 612 2180 Νότου
626 2128 704 2198 κέρας,
717 2129 745 2179 in
756 2144 804 2179 ora
816 2127 907 2197 Libyae
947 2131 1022 2185 Idem
1040 2136 1068 2187 in
1089 2135 1138 2187 hac
1152 2134 1330 2187 Atlantiorum
1343 2144 1412 2187 terra
1428 2136 1464 2187 ait
1482 2135 1675 2206 μυθολογεῖσθαι
1693 2138 1737 2205 τήν

118 2210 240 2263 orientali
260 2206 488 2279 promontorium,
503 2208 537 2260 ab
555 2209 713 2277 cognomine
735 2208 796 2259 sinu
810 2206 907 2277 Peripli
947 2218 997 2265 τῶν
1011 2214 1071 2266 θεῶν
1083 2215 1188 2283 γένεσιν,
1203 2213 1285 2285 idque
1300 2232 1325 2266 c.
1347 2216 1380 2267 68
1400 2212 1520 2284 pluribus
1534 2213 1620 2268 docet.
1638 2218 1738 2289 Nempe

116 2292 200 2342 nostri
212 2288 414 2341 denominatum
427 2286 568 2341 essedicat.
577 2285 726 2340 Tmnsserri
738 2296 825 2339 tamen
835 2296 907 2338 unm
948 2292 1101 2359 Saturnum,
1114 2292 1219 2360 πλησίον
1232 2298 1280 2345 τῶν
1297 2292 1435 2362 Κεραυνίων
1449 2291 1609 2363 καλουμένων
1623 2294 1686 2365 ὀρῶν
1699 2316 1739 2349 re·

116 2368 219 2421 facilius
230 2369 329 2439 potuit,
339 2384 422 2437 quum
432 2384 466 2419 ex
477 2368 631 2419 Graecorum
643 2364 767 2435 loquendi
779 2380 829 2417 usu
840 2366 908 2435 τέρας
948 2380 1089 2438 gnantcm,
1112 2390 1144 2424 ex
1166 2372 1303 2425 Amalthea
1329 2372 1461 2425 Bacchum
1484 2376 1638 2445 suscepisse,
1660 2386 1739 2447 atquc

118 2466 168 2500 vox
181 2446 219 2501 de
236 2448 421 2518 promontorio
430 2447 611 2517 potiusquam
626 2444 661 2497 de
673 2445 734 2496 sinu
748 2443 855 2513 intelligi
866 2463 908 2496 so·
948 2451 1025 2502 uxori
1038 2450 1140 2503 dedisse
1152 2452 1292 2523 imperium
1303 2454 1347 2505 τοῦ
1367 2452 1485 2522 σύνεγγυς
1496 2451 1572 2505 τόπου
1584 2454 1682 2520 παντὸς,
1697 2456 1738 2509 ὄν·

116 2526 190 2579 leret.
214 2527 373 2580 Ptolemaeus
394 2536 490 2595 praeter
507 2525 721 2597 promontorium
745 2521 817 2576 ‘Eo-rs
839 2524 909 2593 κέρας
948 2534 1037 2599 rogits»
1055 2530 1166 2601 σχήματι
1186 2530 1357 2602 παραπλησίου
1371 2531 1453 2601 κέρατι
1475 2530 1541 2601 iot„
1558 2530 1597 2603 pp
1615 2527 1644 2599 ἧς
1660 2534 1739 2599 αἰτίας

115 2608 194 2658 ctiam
210 2606 308 2658 κόλπον
331 2603 458 2675 ‘Eoi-ipim
474 2614 619 2667 memorat,
640 2612 667 2655 at
680 2620 735 2655 non
752 2620 767 2655 a
781 2600 906 2667 meridie,
953 2605 1096 2678 Ἑσπέρου
1106 2612 1192 2680 κέρας
1201 2612 1442 2681 rpocayopeudilreq
1454 2610 1525 2680 quod
1537 2628 1633 2665 nomen
1643 2613 1740 2669 deinde

115 2684 163 2738 sed
177 2704 194 2738 a
211 2685 297 2738 borea
310 2684 373 2737 dieti
391 2684 567 2755 promontorii
584 2683 683 2745 situm,
701 2680 736 2733 de
756 2699 810 2751 quo
829 2699 908 2751 supra
949 2698 1081 2741 mutatum
1096 2689 1170 2741 sitin
1188 2688 1331 2761 Ἀμαλθείας
1350 2690 1428 2759 κέρας.
1445 2689 1580 2741 Diodorus
1595 2692 1674 2761 igitur
1692 2712 1740 2746 no·

110 2762 168 2833 jam
180 2766 288 2817 monui.
304 2768 326 2818 A
339 2763 450 2817 meridie
461 2782 547 2834 pmm.
558 2760 660 2815 Viridis
675 2761 831 2813 Ptolemaeus
843 2761 927 2814 nilril·
950 2784 1011 2818 men
1028 2769 1116 2820 asinu
1134 2770 1282 2821 Hannonco
1291 2767 1325 2821 ad
1341 2760 1503 2839 adjacentem
1515 2779 1611 2822 terram
1627 2780 1741 2826 transtu·

116 2846 167 2896 nisi
182 2844 357 2897 Hasitbolurn
377 2844 529 2915 (Gnmbiu)
549 2843 613 2894 [lura
628 2852 655 2894 et
665 2840 804 2912 AEthiopiae
818 2842 909 2912 Hypo·
950 2844 997 2907 lit;
1013 2856 1082 2897 certe
1096 2846 1161 2899 nihil
1176 2846 1321 2917 quidquam
1333 2844 1411 2898 video
1427 2864 1475 2899 cur
1488 2846 1522 2899 ad
1533 2850 1665 2915 regionem
1677 2868 1739 2921 pro-

114 2924 244 2978 dromum
256 2934 286 2978 et
297 2925 324 2977 iu
334 2923 532 2977 mediterraneis
545 2919 612 2993 (suh
624 2920 778 2975 eademsere
789 2938 840 2992 qua
853 2923 910 2975 llIu·
951 2925 1076 2977 montorii
1086 2924 1187 2978 Viridis
1196 2926 1283 2997 potius
1290 2924 1457 2978 referendum
1465 2928 1507 2992 sit,
1516 2944 1597 2997 quum
1608 2928 1739 2986 Atlantem

114 3003 244 3056 sitholum
256 3003 369 3055 fluvium
386 3002 524 3055 latitudine
535 3003 544 3073 )
554 3001 648 3054 Thetin
664 3001 775 3054 ochema
792 3012 910 3054 montem
951 3015 978 3056 ct
986 3006 1138 3076 Hesperiam
1151 3007 1262 3059 insulam
1273 3016 1390 3078 spectare
1399 3007 1431 3059 ad
1440 3008 1526 3059 sinum
1541 3008 1612 3060 illum
1625 3028 1640 3060 c
1652 3011 1739 3064 Plinio

114 3083 237 3136 mllooet.
257 3083 308 3135 His
321 3084 403 3151 igitur
416 3082 481 3134 nihil
501 3081 555 3133 lere
574 3099 636 3132 cum
651 3081 788 3132 Hannonis
806 3080 911 3151 Periplo
951 3095 978 3136 et
991 3085 1100 3156 Polybio
1116 3097 1226 3139 constet.
1243 3089 1254 3156 11
1268 3087 1395 3156 -πυρά
1413 3105 1445 3138 τε
1463 3086 1573 3140 πολλὰ
1592 3088 1659 3142 κτλ,
1673 3094 1682 3158 ]
1696 3093 1738 3145 Cl.

113 3161 487 3230 communeessesatisliquet.
495 3158 619 3230 Polybius
627 3159 874 3230 reroapudPlin.V‚
885 3177 908 3212 r.
952 3164 1103 3216 Aristoteles
1117 3165 1180 3217 Mir.
1197 3183 1220 3216 e.
1237 3165 1270 3233 37
1288 3163 1331 3216 ed.
1352 3165 1500 3218 Westerm.
1515 3181 1521 3217 :
1538 3167 1638 3236 Λέγεται
1653 3169 1679 3220 δὲ
1699 3171 1740 3222 καὶ

114 3240 199 3293 refert
209 3259 227 3293 a
237 3240 337 3293 'l'herin
351 3240 488 3292 ochemate
502 3256 586 3309 usque
597 3237 631 3291 ad
641 3238 847 3309 promontorium
858 3240 911 3292 lle-
952 3241 983 3293 τὰ
997 3241 1043 3303 ἔξω
1058 3244 1155 3309 στηλῶν
1174 3243 1327 3314 ’ίίρακλείων
1342 3244 1463 3308 καίεσθαι,
1479 3244 1510 3296 τὰ
1523 3244 1566 3315 μέν
1578 3246 1618 3297 διὰ
1633 3249 1738 3314 παντὸς,

114 3322 236 3390 specium
245 3321 443 3388 navigationem
450 3337 506 3370 esse
513 3317 603 3370 decem
612 3316 717 3370 dierum
724 3318 909 3388 noctiumque;
951 3322 983 3374 τὰ
996 3323 1022 3375 tl
1044 3323 1137 3392 νύκτωρ
1154 3325 1240 3394 μόνον,
1257 3323 1290 3385 ὡς
1309 3323 1324 3376 ὁ
1337 3323 1456 3383 Ἄννωνος
1478 3323 1613 3392 Περίπλους
1635 3327 1737 3398 ίστορεῖ.

115 3401 144 3452 in
153 3399 288 3453 medioeo
298 3401 385 3470 spatio
391 3415 447 3451 csse
455 3397 597 3451 Atlantem.
608 3397 690 3450 Inhis
698 3415 805 3466 quoque
813 3398 911 3468 Hespe·
952 3401 1052 3456 Eulem
1064 3404 1172 3474 poeticis
1182 3403 1312 3472 figmentis
1322 3413 1397 3455 aucta
1407 3401 1506 3454 Plinius
1517 3405 1552 3467 V,
1567 3419 1577 3454 r
1590 3403 1625 3456 de
1636 3406 1740 3460 Atlante

115 3481 187 3532 n'um
198 3480 418 3552 pmmonlorlum
428 3477 570 3549 respffltdel
583 3474 648 3530 ¹¹0d·
661 3494 712 3548 ΜΡ
726 3480 754 3528 V
751 3488 807 3539 m,
823 3477 911 3530 iudea
953 3495 1043 3537 monte
1057 3495 1146 3537 nanut
1160 3482 1259 3556 (quem
1271 3483 1324 3536 huc
1338 3493 1484 3553 posuerunt
1499 3483 1629 3548 nonnulli,
1640 3487 1740 3540 Plinius

115 3560 192 3630 ωριτε
203 3571 282 3632 parte
295 3557 462 3612 meridionali
476 3575 560 3628 usque
573 3557 607 3610 ad
617 3557 712 3609 Thetin
727 3558 837 3610 ochema
857 3575 909 3611 sec.
952 3581 1016 3615 vcro
1032 3580 1093 3616 cum
1113 3563 1279 3616 Mauritaniae
1294 3573 1384 3615 nronte
1406 3562 1565 3636 confundit)
1581 3567 1627 3618 :E
1647 3566 1740 3620 urrdiis

116 3643 281 3694 Hannonem
290 3651 332 3693 est
342 3639 434 3693 decem
445 3637 548 3692 dierum
561 3639 692 3706 navigatio
700 3647 727 3690 et
738 3636 810 3707 quod
819 3656 912 3690 cxcur-
953 3644 1021 3697 lrrmc
1043 3644 1130 3697 rrrrrris
1146 3642 1173 3696 iu
1194 3643 1284 3698 coelum
1297 3642 1386 3695 attolli
1402 3641 1587 3714 prodiderunt,
1603 3662 1737 3716 rrsperruu,

117 3721 167 3785 rit;
179 3720 310 3791 Polybius
329 3718 439 3772 totidem
453 3717 510 3770 dies
527 3728 671 3787 noctesque
684 3727 823 3780 numerat;
838 3717 912 3787 quod
953 3725 1127 3794 sqrmleuteru,
1141 3741 1194 3794 qua
1207 3733 1299 3790 vergat
1314 3721 1352 3774 ud
1365 3721 1444 3774 litora
1464 3721 1577 3786 Ocerrui,
1594 3724 1638 3776 cui
1651 3745 1739 3780 nomeu

117 3817 173 3850 nou
187 3797 297 3851 calculis
308 3796 356 3850 sed
365 3798 449 3850 errori
464 3806 491 3849 et
502 3795 650 3848 confusioni
664 3795 760 3866 passim
773 3795 857 3848 obvie
867 3795 913 3849 de·
955 3803 1113 3874 imposuit...
1128 3802 1278 3855 Irrcolurum
1291 3801 1416 3854 nemiuem
1432 3800 1546 3854 interdiu
1567 3802 1638 3855 cerui
1644 3826 1653 3866 ,-
1665 3803 1741 3857 silere

117 3876 175 3929 beri
188 3876 307 3930 videtur.
319 3879 351 3929 In
363 3875 454 3928 medio
465 3875 519 3928 iere
530 3876 581 3928 hoc
592 3875 677 3946 spatio
686 3875 783 3928 Hanno
800 3875 911 3929 insulam
953 3881 1058 3944 omniu,
1080 3881 1154 3934 lrurrd
1170 3879 1225 3933 ulio
1236 3899 1314 3953 quum
1327 3879 1500 3933 solitudinum
1515 3881 1617 3934 hormre
1624 3905 1634 3945 ,·
1653 3884 1741 3936 subire

118 3958 193 4009 sinus
204 3957 343 4026 Hesperii,
355 3955 480 4026 Polybius
495 3955 627 4010 Atlantem
645 3956 764 4009 collocat.
777 3961 835 4010 Janr
854 3976 913 4028 quae
955 3959 1066 4012 territum
1078 3959 1226 4028 relipinucm
1239 3959 1341 4012 eruimus
1348 3958 1463 4030 propius
1474 3959 1659 4022 (recedentium,
1671 3981 1740 4033 pru-

120 4035 154 4088 de
170 4035 258 4089 insula
271 4036 315 4088 illa
328 4047 419 4088 narrat
434 4037 546 4100 Hanno,
560 4034 653 4088 eadem
664 4035 699 4088 dc
716 4036 822 4090 Atlante
832 4037 913 4091 refert
955 4049 1042 4110 terque
1055 4038 1182 4090 lrormrem
1200 4037 1265 4089 eluti
1283 4055 1362 4108 super
1374 4037 1466 4090 nubila
1480 4049 1557 4108 utque
1572 4038 1599 4090 in
1613 4039 1740 4092 ricinium

121 4115 222 4167 Plinius
238 4115 287 4184 (ν.
302 4125 360 4168 not.
375 4133 430 4185 seq.
442 4114 463 4187 ).
475 4115 607 4168 Nimirum
620 4113 763 4186 mythologi
776 4118 913 4170 Hannonis
956 4118 1057 4170 lrrrrruis
1069 4117 1172 4184 circuli.
1189 4115 1306 4170 Eundem
1318 4118 1438 4170 noctibus
1456 4117 1551 4170 micare
1564 4117 1661 4170 crebris
1674 4119 1741 4184 iyni-

122 4194 275 4246 narratione
294 4195 353 4259 usi,
377 4195 508 4248 Atlantem
526 4205 554 4247 et
573 4194 736 4264 adjacentem
756 4197 780 4247 ei
802 4197 913 4249 Atlanti·
955 4199 1013 4260 hus,
1030 4197 1398 4269 AEpiprruumSatyrorrrmque
1410 4195 1523 4250 luscinia
1536 4197 1647 4269 impleri,
1661 4198 1741 4250 tibiu-

121 4271 182 4326 dem
193 4273 309 4326 insulam
321 4273 375 4325 huc
382 4273 580 4326 collocaverant.
592 4273 673 4341 Quod
683 4284 712 4326 ut
726 4277 807 4342 magis
815 4286 912 4346 pateat,
956 4295 1013 4329 rum
1027 4294 1058 4328 ue
1065 4275 1168 4345 fistulae
1181 4284 1271 4335 euutu,
1289 4285 1518 4346 tympanoruruque
1531 4287 1556 4326 et
1567 4275 1740 4345 cyrrrlmlnrruu

122 4353 187 4405 alter
199 4353 263 4406 iacit
276 4354 355 4406 Plinii
368 4352 451 4417 locus,
464 4355 501 4417 V,
514 4353 558 4416 36,
572 4353 618 4405 ubi
628 4353 662 4405 ab
674 4351 778 4406 Atlante
788 4355 913 4408 etAtlan·
954 4356 1044 4409 souitu
1064 4365 1185 4426 strepere.
1216 4355 1281 4406 Herc
1305 4353 1429 4405 celebr-uti
1453 4365 1570 4406 auctores
1601 4353 1741 4426 prodidere

122 4431 177 4484 tide
195 4432 282 4485 imula
299 4431 366 4486 dicit
385 4434 502 4503 quinque
519 4431 623 4485 dierum
644 4433 836 4500 navigationem
858 4453 914 4489 esse
955 4447 1051 4499 preter
1069 4433 1178 4486 Herculi
1191 4444 1216 4484 ct
1232 4436 1324 4485 Perseo
1339 4432 1459 4484 ludorum
1481 4433 1527 4484 itt.
1543 4432 1611 4485 Mela
1629 4436 1685 4497 111,
1704 4453 1738 4502 9:

123 4529 206 4582 isque
214 4511 251 4564 ad
260 4512 397 4583 Aithiopes
405 4512 545 4582 Hesperios
556 4521 583 4564 et
592 4511 804 4583 promontorium
814 4513 912 4585 Hespe-
961 4513 1039 4568 Ultru
1065 4524 1174 4565 montem
1197 4511 1250 4582 (sc.
1275 4511 1343 4564 θεῶν
1361 4511 1409 4581 ἄχη
1413 4531 1447 4582 μα
1457 4510 1467 4584 )
1486 4506 1554 4563 niret
1575 4513 1650 4565 collis
1668 4513 1739 4580 lurp.

121 4590 181 4641 riou
205 4607 297 4656 ceras,
318 4590 392 4644 unde
411 4592 528 4672 primum
548 4609 575 4643 se
599 4593 760 4660 circumagat
782 4601 912 4645 terrarum
957 4603 1046 4644 tractu
1062 4591 1145 4659 loupis
1160 4590 1284 4644 litoribus
1304 4589 1447 4653 obductus,
1470 4589 1537 4643 unde
1551 4591 1677 4644 risrurtur
1690 4611 1740 4664 per-

123 4667 195 4721 lrons
209 4671 240 4722 in
251 4687 375 4723 oooesurn
392 4681 420 4723 et
436 4687 510 4723 mare
527 4671 698 4724 Atlanticum.
716 4672 842 4741 Quinque
855 4671 912 4725 illos
957 4683 1039 4724 tentes
1052 4671 1137 4738 mercis
1148 4669 1236 4742 cuurpi
1248 4689 1325 4742 quum
1340 4682 1369 4722 ut
1379 4669 1498 4742 perspici
1508 4670 1623 4742 possint,
1640 4673 1740 4722 Puerum

123 4745 179 4799 drcs
199 4746 273 4800 rides
293 4747 402 4801 eosdem
423 4767 479 4802 esse
492 4768 559 4821 quos
571 4751 669 4803 Hanno
686 4750 720 4802 ab
738 4750 823 4802 insula
839 4752 912 4804 sinus
957 4757 1164 4822 Sertyrorumque.
1185 4750 1256 4803 Hiuc
1275 4748 1366 4819 opinio
1384 4749 1558 4820 currsrefirleru
1572 4750 1659 4823 cepit,
1674 4751 1742 4822 quud

124 4827 244 4897 Hesperii
266 4838 390 4880 numerat
409 4845 493 4898 mque
510 4828 545 4882 ad
566 4831 645 4882 maris
667 4830 768 4882 hiatum
788 4831 833 4900 qui
854 4842 913 4901 post
958 4849 1038 4903 quum
1051 4830 1078 4883 iu
1090 4829 1132 4882 his
1147 4829 1216 4881 nilril
1232 4827 1298 4880 culti
1311 4827 1358 4888 sit,
1372 4827 1451 4879 uullce
1464 4827 1641 4880 dubitantium
1658 4827 1738 4890 sedes,

125 4916 227 4958 montes
237 4907 350 4958 silvosos
361 4908 537 4977 promontorii
551 4907 658 4961 Virtute
668 4909 797 4978 sequitur.
810 4909 912 4976 Quodsi
957 4911 1031 4962 nullu
1048 4908 1178 4976 uestigia,
1193 4907 1308 4960 solitudo
1329 4907 1356 4959 iu
1377 4905 1445 4958 diem
1465 4918 1545 4959 ruem
1566 4919 1591 4959 et
1608 4905 1740 4958 silentium

124 4983 176 5038 alio
187 4984 248 5038 loco
258 4985 363 5039 Plinius
375 4984 385 5057 (
395 4987 431 5050 V,
446 4986 479 5038 35
491 4985 501 5059 )
517 4987 597 5039 refert
606 4997 733 5057 quattuor
743 4987 799 5039 dies
813 5006 868 5041 csse
880 4989 913 5042 nb
957 4988 1079 5048 auctius,
1099 4999 1171 5040 nocte
1183 4986 1267 5039 crebri
1285 4985 1356 5054 ignes
1377 4985 1492 5049 uricurrt,
1507 5001 1532 5037 er
1550 4983 1634 5036 rrlrrti
1651 4997 1740 5036 castra

124 5063 216 5117 theon
229 5065 371 5118 ochemate
389 5065 518 5135 usquead
537 5068 748 5136 promontorium
767 5068 912 5137 Hesperion
958 5068 1011 5120 lure
1026 5067 1146 5138 jacentis
1167 5065 1346 5129 ostenduntur,
1370 5076 1477 5138 crrprrrrt
1495 5064 1613 5134 cyurlmlrr
1631 5076 1656 5116 et
1678 5075 1741 5132 tyru-

126 5162 209 5208 ceras,
221 5144 337 5198 eandem
356 5143 508 5198 distantiam
522 5147 619 5199 llanno
630 5157 767 5216 exputata
785 5147 845 5199 sinu
860 5149 922 5200 llc··
955 5166 1044 5219 puicu,
1063 5145 1255 5216 audiunturque
1272 5144 1345 5197 tibire
1363 5156 1485 5196 ποταινίου
1503 5145 1588 5214 ruujus
1608 5141 1739 5196 lrumuuir.

125 5227 209 5293 queris
221 5224 256 5278 ad
270 5223 370 5278 Tlrciur
390 5224 514 5287 ochema,
530 5224 630 5279 Plinius
647 5244 724 5290 vero,
739 5235 768 5278 ut
783 5236 913 5280 constaret
957 5226 999 5279 Cl.
1014 5227 1094 5280 Soliu.
1110 5245 1135 5278 c.
1151 5241 1184 5294 27
1196 5235 1222 5277 et
1234 5223 1344 5276 Diorloc.
1358 5225 1407 5288 lll,
1424 5223 1467 5288 53,
1478 5223 1522 5293 qui
1536 5223 1676 5294 llesponm
1691 5223 1740 5274 ins.

123 5305 181 5368 sihi,
194 5304 425 5369 stenensium,
438 5315 562 5374 qrrattuor
579 5306 641 5358 istos
655 5303 711 5358 (lies
724 5323 780 5358 csse
793 5323 807 5359 a
820 5305 913 5359 'l'lrcrin
958 5303 1300 5376 πυροςένρυσνῖματαμεγάλα
1310 5303 1508 5358 liobe-renarrat.
1517 5301 1660 5370 Quomodo
1671 5303 1744 5370 ignes
