3950 5925
234 442 288 493 36²

231 561 300 627 δίους
318 556 498 639 τετρακοσίους
518 556 604 614 τεκαὶ
628 554 805 626 πεντήκοντα,
818 554 967 633 ὁρμίζονται
986 560 1013 615 ἐν

232 647 422 707 Ἀποστάνοισι·
431 644 477 703 καὶ
485 644 564 702 πλοῖα
579 641 665 700 πολλὰ
675 642 763 701 αὐτόθι
776 640 878 720 ώρμεε,
892 642 969 718 κώμτΙ
985 667 1013 700 τε

230 739 296 806 ἐπῆν
322 732 457 811 ἀπέχουσα
492 728 545 787 ἀπὸ
573 730 707 800 θαλάσσης
731 728 850 795 σταδίους
875 729 1012 800 ἑξήκοντα,

232 822 265 901 (a)
281 820 382 886 Νυκτὸς
401 818 428 877 δέ
448 815 589 897 ἐπάραντες
609 815 676 874 ἔνθεν
699 816 862 875 ἐσπλώουσιν
876 820 901 884 ἐς
916 818 1014 875 κόλπον

203 932 215 969 ι
230 907 424 981 συνοικεόμενον
438 906 552 983 πολλῇσι
571 902 687 982 κώμῃσι·
702 904 802 962 στάδιοι
816 908 860 961 τοῦ
875 903 956 961 πλόου
971 928 1008 961 τε·

229 994 370 1074 τρακόσιοι·
384 992 533 1071 ὁρμίζονται
545 990 572 1048 δέ
583 990 647 1070 πρὸς
656 990 796 1069 θπωρείην·
807 990 890 1070 ταύτῃ
903 990 1015 1070 φοίνικές

229 1106 258 1139 τε
271 1080 362 1140 πολλοὶ
383 1079 546 1159 ἐπεφύκεσαν
561 1078 607 1136 καὶ
629 1076 678 1136 dea
701 1078 770 1137 ἄλλα
794 1078 925 1157 ἀκρόδρυα
939 1079 964 1134 ἐν
979 1083 1013 1157 τῇ

230 1170 341 1230 Ἑλλάδι
360 1172 394 1248 γῇ
415 1166 517 1246 ρόεται.
564 1165 595 1243 (7)
613 1162 707 1225 Ἔνθεν
732 1165 840 1245 ἄραντες
863 1168 887 1231 ἐς
902 1162 1014 1241 Γώγανα

229 1256 420 1336 παραπλώουσι
430 1252 549 1320 σταδίους
560 1254 676 1329 μάλιστα
688 1256 713 1319 ἐς
723 1252 877 1324 ἑξακοσίους,
887 1254 913 1318 ἐς
924 1250 1014 1331 χώρην

191 1364 216 1401 ιο
229 1344 389 1419 οἰκεομένην·
402 1343 552 1420 ὁρμίζονται
568 1341 595 1399 δέ
607 1346 653 1398 τοῦ
665 1346 786 1415 ποταμοῦ
799 1345 843 1398 τοῦ
855 1342 1012 1420 χειμάρρου,

229 1432 311 1507 ὄνομα
322 1431 349 1489 δὲ
357 1429 468 1510 Ἀρεών,
482 1432 509 1487 ἐν
521 1433 597 1507 τῇσιν
608 1428 757 1506 ἐκῦολῇσιν·
771 1429 881 1484 ἐνταῦθα
891 1430 1013 1505 χαλεπῶς

229 1518 386 1598 ὁρμίζονται·
403 1517 502 1583 στεινός
521 1515 572 1594 γὰρ
581 1507 639 1587 lat
657 1514 770 1581 ἔσπλοος
783 1514 851 1572 κατδι
866 1514 895 1573 τὸ
910 1514 1011 1589 στόμα,

229 1606 269 1662 ὁτι
293 1604 394 1684 βραχέα
428 1603 462 1662 τά
485 1603 576 1681 κύκλῳ
601 1605 680 1660 αὐτοῦ
709 1606 727 1671 ἡ
756 1601 888 1668 ἀνάπωτις
916 1603 1010 1660 ἐποίεε.

230 1692 262 1770 [τι]
280 1693 333 1752 ttat
345 1692 414 1751 ἔνθεν
424 1682 457 1750 ed
467 1694 494 1749 ἐν
506 1690 618 1767 στόματι
630 1691 711 1747 άλλου
723 1694 843 1763 ποταμοῦ
853 1688 1013 1767 ὁρμίζονται,

189 1799 213 1837 ιο
230 1778 435 1845 διεκπλώσαντες
442 1778 562 1844 σταδίους
572 1780 597 1844 ἐς
606 1775 780 1841 ὀκτακοσίους·
794 1776 906 1844 Σιτακὸς
914 1776 1013 1851 οὕνομα

229 1869 268 1946 τῷ
280 1872 393 1946 ποταμῷ
416 1860 458 1937 ἦν·
478 1864 536 1923 οὐδὲ
553 1867 580 1923 ἐν
602 1864 686 1943 τούτῳ
706 1864 838 1943 εὐμαρέως
855 1864 1013 1942 ὁρμίζονται·

229 1953 274 2013 καὶ
287 1958 301 2011 ὁ
314 1954 392 2021 πλόος
405 1954 474 2020 dau<
484 1947 584 2019 οῦτοςὸ
598 1952 673 2031 παρά
682 1951 729 2023 τὴν
742 1952 858 2030 Περσίδα
872 1951 973 2031 βραχέα
985 1974 1015 2009 τι

229 2032 297 2111 ἦσαν
321 2042 366 2098 καὶ
381 2043 473 2123 ρηχίαι
494 2041 540 2101 καὶ
566 2042 688 2120 τενάγεα.
733 2041 765 2118 (e)
790 2040 921 2099 Ἐνταῦθα
943 2046 1014 2096 σῖτον

228 2129 463 2206 καταλσμῦάνουσι
477 2114 573 2189 πολλδν
588 2126 831 2208 ἱυγκεκομισμέμον
843 2126 912 2184 κατὰ
928 2126 1014 2204 πρόσ-

189 2216 300 2284 ιοταξιν
324 2218 460 2296 βασιλέος,
484 2223 519 2285 ὡς
548 2219 634 2299 σφίσιν
657 2211 722 2277 εἶναι
743 2215 947 2275 ἐπισιτίσασθαι·
970 2217 1015 2271 ε’ν-

228 2309 311 2361 ταῦθα
326 2304 430 2381 ἔμειναν
443 2304 543 2384 ἡμέρας
555 2307 602 2372 τάς
615 2306 701 2370 πάσας
716 2303 778 2380 μίαν
793 2304 838 2362 καὶ
853 2301 951 2377 elxam,
969 2301 1014 2359 καὶ

229 2390 277 2457 τάς
291 2390 349 2459 νέας
372 2394 571 2474 ἀνειρυσάμενοι
591 2393 651 2451 ὁσαι
666 2392 713 2470 μὲν
734 2394 935 2465 πεποιήκεσαν,
955 2391 1014 2447 ἐπε-

228 2476 361 2547 σκεύαζον·
375 2479 422 2547 τὰς
434 2479 461 2537 δὲ
473 2480 555 2547 etta<
569 2481 732 2559 ἐθεράπευον.

270 2567 403 2626 XXXIX.
428 2566 548 2625 Ἐνθένδε
567 2566 724 2644 ὁρμηθέντες
746 2568 782 2632 εἷς
802 2564 913 2644 Ἱέρατιν
937 2566 1013 2624 πάλιν

190 2672 216 2708 aa
229 2652 368 2725 ἀπίκοντο,
380 2656 406 2719 ἐς
417 2658 502 2737 χώρρν
521 2655 678 2729 οἰκεόμενον·
692 2654 845 2712 ἑπτακόσιοι
861 2653 906 2711 καὶ
916 2654 1012 2723 πεντή·

229 2818 266 2868 nii
278 2819 408 2871 sententia
417 2817 452 2869 de
462 2819 515 2870 situ
529 2819 596 2871 Ochi
611 2820 708 2872 montis
718 2830 745 2872 et
757 2838 850 2873 eorum
864 2838 923 2891 qua
941 2820 1015 2872 dein-

229 2915 290 2968 ceps
300 2916 343 2968 ap.
357 2900 499 2950 Attianum
510 2910 658 2969 sequuntur
669 2900 798 2965 locorum,
816 2909 869 2951 tam
880 2900 964 2951 aliena
976 2910 1015 2951 est

229 2976 263 3027 ab
273 2977 304 3027 iis
318 2993 377 3046 qua
394 2995 476 3046 ffaeea
487 2980 604 3031 narratio
621 2979 782 3050 suppeditat,
797 2989 827 3030 ut
842 2979 946 3030 silentio
956 2997 1013 3031 eam

229 3057 361 3124 preterire
371 3066 485 3126 piasset.
502 3059 512 3125 ΙΙ
525 3087 561 3098 -
572 3075 597 3110 1.
610 3077 636 3109 τε
650 3077 681 3109 ex
692 3055 787 3110 Aadd.
803 3056 922 3108 Ditbner.
944 3059 954 3125 Η
979 3087 1014 3097 -

229 3152 256 3188 2.
270 3134 299 3187 ἐν
324 3133 540 3188 Ἀποστάνοισι
554 3138 564 3207 ]
577 3137 649 3188 locus
664 3136 803 3207 ponendus
817 3135 870 3187 lere
885 3136 931 3188 ubi
943 3153 1015 3188 nunc

228 3213 606 3284 SalararlSclauooVincent3
619 3215 730 3268 Tsclu'aa
738 3216 830 3285 Dupre
839 3217 867 3266 V
864 3215 1013 3286 oy.)‚quem

230 3294 316 3345 vicum
327 3294 469 3359 simmam»,
480 3297 635 3348 evincente
646 3313 674 3365 p.
689 3296 737 3347 381
751 3293 882 3358 laudatus,
894 3294 947 3347 lere
958 3313 1013 3346 me-

228 3369 303 3422 dium
315 3388 371 3424 esse
385 3374 452 3425 inter
464 3373 585 3425 Darabin
603 3373 713 3424 ssrrvium
722 3382 749 3422 et
769 3375 822 3443 Cap
832 3372 926 3424 Naboa
934 3373 1013 3424 situm

228 3466 293 3512 esse,
321 3461 348 3503 et
368 3451 444 3504 bona
462 3470 536 3522 aqua
552 3455 655 3523 copiam
681 3453 767 3503 nautis
783 3450 901 3520 praebere
923 3451 1013 3505 refert.

229 3528 331 3580 Nomen
354 3533 494 3601 Apostaaa
510 3531 519 3601 (
532 3533 684 3591 Abra-stan,
699 3530 857 3583 Aba-asban
869 3531 880 3597 )
892 3540 972 3594 recte,
985 3541 1015 3583 ut

229 3615 305 3674 puto,
319 3607 464 3658 Vincentus
475 3626 501 3677 p.
514 3610 562 3661 381
577 3620 664 3660 censet
673 3609 778 3675 agnosci
791 3609 817 3657 in
828 3607 1012 3670 DalaAsbaa,

229 3684 268 3734 uti
288 3695 396 3736 vocatur
407 3686 540 3737 montium
555 3687 649 3757 jugum
663 3687 755 3748 altum,
772 3685 845 3755 quod
860 3684 936 3754 juxta
947 3687 1015 3740 banc

229 3777 283 3811 orae
296 3771 397 3828 partem
409 3763 568 3815 extenditur.
592 3766 602 3832 ΙΙ
616 3794 651 3804 -
668 3769 695 3814 6.
715 3762 867 3817 ἔκπλώουσιν
879 3767 931 3817 BC.
951 3767 961 3833 ΙΙ
980 3797 1015 3806 -

230 3845 258 3901 lt·
274 3842 296 3904 ἐς
309 3839 434 3892 κόλπον
455 3844 825 3912 συνοικεόμενον]είιιιιιιι
844 3841 909 3894 dicit
921 3844 949 3894 in
961 3862 1015 3914 quo

231 3922 329 3973 Nalraa
343 3919 382 3971 vel
395 3920 506 3973 Nabrad
517 3921 589 3972 locus
601 3923 666 3973 situs
680 3934 729 3986 est,
742 3940 795 3974 non
809 3921 887 3989 longe
896 3939 912 3973 a
922 3923 1012 3986 fluvio,

231 4002 276 4068 qui
288 3998 430 4052 essedebet
442 3999 577 4065 Bagradas
586 4000 728 4063 Ptolemaei,
739 3999 882 4051 etlortasse
894 3999 963 4052 idem
975 4013 1014 4053 est

228 4096 307 4150 quem
318 4078 434 4150 Hyperia
444 4089 518 4130 coeat
527 4081 542 4131 J
544 4079 595 4131 uba
604 4097 647 4150 ap.
659 4079 773 4132 Plinium
783 4081 832 4142 vt,
841 4083 875 4131 αθ
885 4081 898 4145 S
910 4098 955 4147 99,
966 4080 1011 4132 ubi

227 4168 288 4226 post
309 4157 405 4209 insulas
422 4173 502 4226 supra
522 4169 678 4209 memoratas
699 4169 870 4210 recensentur
892 4175 898 4209 :
912 4159 1013 4225 flurara

227 4235 386 4307 Hyperasia
404 4235 489 4287 medlo
506 4235 568 4287 aiau
581 4236 686 4288 Persico
707 4237 885 4288 onerariarum
903 4237 1012 4289 naricam

227 4334 332 4387 ταραας
343 4317 442 4384 ιΙΙιινιιτιι
461 4314 621 4383 satagam,
640 4334 691 4386 qao
704 4314 874 4381 Pasargadas
894 4327 1013 4386 raptatae

227 4394 271 4447 alie
288 4394 448 4460 navigatum
456 4397 556 4464 slararn
569 4394 721 4461 navigabile
740 4394 910 4455 Pareamus,
926 4395 1013 4447 insula

227 4473 284 4525 sine
297 4473 413 4536 nomine,¹
422 4475 522 4542 flamen
532 4474 640 4538 Granis,
661 4486 711 4526 etc.
723 4471 825 4540 Quodsi
841 4473 1012 4526 Ilammerum

228 4555 239 4619 (
257 4553 359 4604 Wiener
366 4553 459 4606 Jalerlr.
474 4557 558 4618 VIII,
573 4572 601 4625 p.
619 4556 690 4621 314)
705 4553 805 4616 audias,
820 4550 885 4603 illud
900 4553 1013 4623 lltprrir

229 4650 326 4684 nomen
335 4634 415 4685 etiam
428 4634 498 4704 apud
512 4635 652 4687 Arrianum
662 4634 752 4685 lateret
765 4634 791 4683 in
805 4630 890 4684 verbis
901 4632 1013 4701 ὁρμίζον-

227 4730 267 4763 ται
278 4711 305 4763 δὲ
316 4710 374 4781 πρὸς
383 4711 513 4782 ὁπωρείην.
531 4743 567 4754 -
576 4715 718 4782 Regionem
732 4713 807 4763 istam
826 4710 919 4781 palmis
929 4713 1013 4764 abun-

227 4789 300 4854 dare,
314 4790 476 4862 fluviumque
492 4792 603 4844 travibus
613 4801 653 4843 sat
666 4793 767 4858 magnis
780 4789 941 4859 excipiendis
956 4789 1013 4842 ido-
1031 4815 1033 4826 =

226 4885 306 4922 neum
316 4887 372 4922 esse
380 4889 413 4922 ex
427 4872 617 4923 recentioribus
629 4871 772 4923 viatoribus
782 4879 855 4921 notat
866 4871 1013 4922 Vincentus

226 4964 254 5018 p.
266 4950 327 5002 383.
339 4949 381 5002 ct.
395 4949 515 5002 Gosselin
528 4952 576 5012 ΙΙΙ,
588 4967 614 5020 p.
634 4953 677 5018 78.
693 4951 703 5017 il
717 4981 748 4989 -—
758 4951 785 5001 8.
798 4952 832 5018 γῇ
843 4963 897 4998 om.
910 4951 942 4999 a.
955 4949 965 5014 ΙΙ
977 4979 1013 4988 -

227 5024 251 5088 ἐς
264 5046 318 5080 οιιι.
338 5031 416 5081 BCD.
434 5031 445 5097 ll
466 5059 503 5069 ·—
519 5029 669 5099 Γώγανα]
682 5027 761 5080 hodic
777 5037 904 5079 votarttur
917 5027 1014 5081 lirrrder

227 5107 487 5177 Konl·1la(d'ongan,
505 5112 636 5174 X'errgnan,
656 5109 761 5160 Krialon
777 5108 796 5177 λ.
813 5109 844 5157 Ιιι
856 5107 954 5169 sinum,
969 5109 1011 5158 cni

227 5183 291 5235 irrbs
302 5184 412 5254 adjacet,
428 5187 524 5239 Ilurius
537 5189 601 5249 erit,
615 5188 659 5256 qui
672 5191 759 5239 Areon
776 5196 814 5237 cst
830 5187 947 5249 Arriani3
963 5186 1011 5237 bo-

228 5261 350 5316 ‹lIcmum
368 5264 424 5334 ejus
435 5285 532 5318 nornen
551 5285 606 5318 non
621 5267 706 5317 inreni
721 5276 849 5318 notatum.
861 5266 938 5317 Sinus
949 5283 1010 5336 pro-

953 427 1115 488 tantam

1063 564 1152 617 stadiis
1170 566 1296 635 peractis,
1313 564 1344 616 atl
1362 569 1494 635 Apostaaa
1508 569 1674 638 appulerunt.
1712 568 1796 621 Multa
1814 570 1850 621 ibi

1061 652 1164 719 navigia
1178 653 1204 701 in
1216 651 1327 702 statione
1338 662 1412 704 erant
1424 668 1430 703 z
1446 663 1471 704 ct
1481 672 1561 723 pagus
1574 654 1705 724 adjacebat
1715 657 1850 723 sexaginta

1061 738 1150 789 stadiis
1161 754 1175 788 a
1188 737 1252 787 mari
1265 746 1391 789 remotus.
1430 742 1471 805 (6)
1485 741 1553 791 lline
1564 743 1673 811 repetita
1684 759 1732 811 per
1745 752 1849 793 noctem

1061 822 1225 891 navigatione
1239 823 1266 873 in
1281 823 1368 875 sinum
1382 822 1514 893 quendam
1529 826 1708 895 frequentibus
1720 828 1792 897 pagis
1807 847 1849 879 ce-

1060 909 1158 962 lebrem
1177 910 1255 962 delati
1276 920 1346 974 sunt,
1362 911 1553 981 quadringenta
1567 914 1649 967 stadia
1669 916 1791 966 emensi:
1813 916 1849 965 ibi

1061 998 1139 1049 classe
1149 997 1182 1049 ad
1192 997 1307 1050 radicem
1317 1000 1414 1051 montis
1423 1000 1546 1053 collocata
1556 1002 1737 1055 substiterunt.
1778 1005 1850 1055 Lem

1061 1085 1102 1136 illa
1127 1084 1224 1155 palmas
1246 1084 1360 1155 aliasque
1378 1087 1518 1157 pomiferas
1539 1088 1646 1140 arbores
1666 1099 1796 1158 quotquot
1821 1091 1848 1139 in

1061 1174 1163 1225 Graecia
1186 1183 1331 1224 nascuntur
1355 1173 1482 1227 serebant.
1521 1176 1561 1244 (7)
1581 1175 1648 1229 Inde
1667 1176 1796 1229 solventes
1821 1178 1847 1229 in

1061 1259 1184 1326 Gogana,
1198 1260 1332 1326 regionem
1344 1259 1503 1326 habitatam,
1517 1272 1637 1314 sexcenta
1648 1262 1752 1315 circiter
1765 1262 1847 1315 stadia

1061 1349 1177 1411 ennensi,
1193 1348 1331 1415 navigant;
1351 1349 1509 1419 classemque
1523 1348 1557 1401 ad
1577 1349 1663 1401 fauces
1677 1350 1750 1402 llurii
1763 1350 1847 1419 cujus·

1061 1434 1121 1486 dam
1135 1436 1180 1504 qui
1193 1445 1295 1487 torrens
1308 1438 1383 1502 erat(
1394 1441 1480 1488 Areon
1495 1437 1519 1487 ei
1533 1446 1588 1488 erat
1597 1454 1692 1489 nomen
1702 1439 1722 1504 ),
1739 1437 1847 1489 cellma-

1062 1522 1114 1584 vit‚
1125 1520 1205 1589 idque
1218 1522 1308 1589 iniquo
1320 1522 1381 1572 satis
1400 1521 1558 1591 loco,un
1572 1520 1658 1574 aditus
1672 1522 1787 1574 lancium
1801 1542 1846 1574 an·

1061 1617 1151 1674 gustus
1164 1617 1220 1657 erat
1231 1606 1266 1657 ob
1280 1606 1345 1658 vada
1357 1624 1415 1675 qua
1427 1618 1503 1659 astus
1522 1609 1616 1659 marini
1629 1626 1745 1660 recessus
1759 1610 1785 1659 in
1804 1627 1847 1661 or-

1061 1693 1121 1745 bem
1135 1692 1239 1745 lecerat.
1278 1696 1319 1761 (8)
1339 1692 1405 1745 Inde
1424 1712 1514 1746 rursus
1536 1693 1571 1746 ad
1591 1694 1696 1747 alterius
1712 1694 1844 1757 fluminis,

1061 1780 1103 1831 eui
1122 1780 1207 1831 Sitaco
1223 1796 1320 1831 nomen
1335 1790 1383 1843 est,
1399 1782 1496 1833 ostium
1517 1780 1684 1850 appulerunt,
1699 1782 1846 1848 octingenta

1061 1866 1144 1918 stadia
1158 1868 1266 1919 emensi.
1305 1867 1356 1919 Sed
1368 1885 1401 1919 ne
1416 1867 1451 1919 ibi
1465 1866 1570 1937 quidem
1581 1867 1747 1920 commodam
1757 1870 1845 1920 statio·

1061 1974 1121 2008 nem
1137 1958 1204 2009 nacti
1219 1966 1296 2019 sunt;
1311 1956 1432 2007 universa
1445 1958 1515 2007 enim
1531 1956 1586 2007 brec
1599 1955 1633 2008 ad
1647 1954 1760 2008 Persidis
1774 1974 1846 2009 oram

1062 2045 1191 2112 navigatio
1201 2043 1314 2114 plurima
1325 2043 1421 2095 vadosa
1433 2054 1458 2096 et
1468 2045 1594 2114 petricosa
1607 2044 1782 2114 palustrinquc
1791 2044 1845 2096 lota

1060 2129 1182 2182 habebat.
1197 2131 1237 2198 (9)
1252 2131 1291 2181 Eo
1302 2129 1350 2181 loci
1365 2129 1499 2181 Nearchus
1513 2128 1625 2181 multum
1637 2129 1760 2181 frumenti
1775 2130 1845 2199 quod

1060 2236 1105 2269 rex
1117 2215 1150 2269 ad
1166 2215 1380 2269 frumentandum
1392 2218 1536 2268 exercitum
1550 2217 1661 2268 convehi
1679 2226 1791 2277 curarat,
1804 2236 1844 2267 ac·

1060 2307 1138 2375 cepit.
1177 2304 1216 2356 Ibi
1232 2304 1322 2373 viginti
1333 2322 1416 2357 unum
1426 2302 1481 2355 dies
1492 2304 1518 2356 in
1530 2306 1681 2357 uniueisum
1692 2307 1846 2367 commorati

1060 2408 1139 2442 arares
1162 2407 1220 2459 qua
1236 2390 1290 2442 salo
1304 2400 1430 2460 quassatae
1450 2400 1524 2443 erant
1546 2392 1573 2442 in
1588 2400 1684 2443 terram
1706 2390 1847 2443 subductas

1059 2476 1206 2529 resecarunt
1218 2492 1225 2528 2
1236 2476 1348 2546 reliquas
1357 2486 1444 2528 autem
1454 2474 1573 2530 curando
1584 2486 1753 2531 renovarunt.

1094 2566 1222 2619 XXXIX.
1242 2563 1307 2616 lnde
1320 2580 1426 2615 rursum
1444 2564 1573 2619 solventes
1587 2567 1621 2620 ad
1640 2569 1757 2621 Hieratin
1771 2570 1846 2639 oppi-

1058 2654 1123 2705 dum
1134 2652 1289 2715 habitatutn,
1302 2652 1465 2722 septingenta
1474 2655 1663 2724 quinquaginta
1669 2653 1751 2707 stadia
1760 2674 1848 2706 emen-

1060 2818 1189 2871 lunditate
1198 2836 1307 2889 prorsus
1314 2830 1393 2883 caret,
1402 2830 1432 2871 ut
1441 2838 1472 2871 ex
1482 2829 1601 2871 accurata
1609 2818 1665 2888 ejus
1673 2818 1848 2871 delineatione

1059 2898 1129 2970 apud
1148 2898 1338 2967 berghausium
1357 2898 1518 2968 intelligitur.
1538 2898 1580 2951 (ΣΙ.
1604 2899 1728 2950 Vincent.
1750 2916 1777 2969 p.
1795 2900 1846 2951 385

1059 2983 1180 3030 notnrti.
1191 2976 1232 3030 Ad
1243 2978 1458 3030 introitumsinus
1464 2987 1546 3029 exstat
1552 2995 1640 3048 prom.
1649 2978 1739 3047 Araiai
1748 2978 1847 3048 (peina

1059 3056 1188 3125 Δωριῆς
1205 3057 1231 3107 ἰιι
1255 3073 1309 3124 quo
1322 3057 1429 3114 nomine
1449 3057 1537 3107 nescio
1556 3073 1589 3106 an
1615 3057 1727 3124 supersit
1750 3073 1846 3108 nomen

1060 3135 1181 3194 Aruinae
1204 3134 1264 3198 loci,
1293 3152 1372 3204 quem
1392 3134 1545 3188 Ptolemaeus
1566 3145 1625 3205 post
1645 3134 1789 3202 Bagradam
1805 3137 1843 3196 ΙΙ,

1059 3231 1166 3284 unoque
1172 3213 1205 3267 ab
1214 3212 1484 3282 eogtadudistantem
1492 3221 1630 3265 memorat.
1643 3213 1653 3280 tl
1663 3243 1699 3252 -
1708 3230 1749 3264 ιι.
1762 3211 1846 3282 λρεὼν

1059 3296 1099 3356 Ι);
1118 3297 1197 3364 ὄνομα
1214 3295 1239 3345 δέ
1258 3293 1281 3344 oi
1304 3289 1391 3362 ’Ἀρεών
1410 3309 1459 3360 vgo
1471 3302 1531 3344 ante
1550 3290 1759 3344 Schmiederum.
1777 3294 1788 3359 ΙΙ
1811 3323 1845 3332 -

1063 3372 1102 3423 ι5,
1120 3371 1143 3432 ἐς
1156 3371 1232 3439 vulgo
1242 3371 1328 3434 ‹leest;
1344 3369 1661 3422 habentABCDetBodl.
1677 3371 1687 3437 ΙΙ
1699 3373 1786 3421 -ι5.
1801 3369 1845 3421 Σι-

1059 3449 1173 3518 τακὸς]
1192 3450 1342 3518 Sitiogagus
1372 3449 1457 3500 Plinio
1477 3448 1583 3500 dicitur.
1606 3447 1685 3514 Quod
1709 3446 1783 3499 addit
1800 3465 1846 3517 per

1059 3545 1120 3580 euni
1139 3529 1249 3580 fluvium
1275 3526 1432 3595 Pasargadas
1453 3529 1568 3596 navigari
1591 3545 1663 3578 mera
1681 3526 1766 3579 tabuta
1787 3538 1844 3590 (τις

1059 3625 1119 3659 nam
1134 3608 1182 3660 tale
1192 3607 1256 3677 quid
1269 3609 1295 3658 in
1308 3607 1409 3658 nullum
1419 3605 1498 3676 hujus
1510 3624 1563 3658 orae
1576 3607 1686 3658 lluviurn
1698 3605 1778 3658 eadit.
1793 3609 1845 3658 llo·

1059 3684 1102 3736 die
1122 3687 1193 3738 li'lior
1207 3687 1324 3756 laptula,
1347 3686 1384 3737 uti
1400 3696 1439 3736 est
1458 3686 1485 3737 in
1502 3685 1649 3736 novissimis
1665 3686 1782 3754 mappis,
1799 3689 1843 3756 qni

1059 3766 1111 3816 exit
1125 3765 1212 3835 paullo
1226 3783 1304 3835 supra
1326 3768 1379 3816 aas
1396 3765 1421 3815 el
1434 3765 1537 3816 libana.
1557 3763 1618 3814 uCe
1638 3764 1683 3832 qui
1704 3780 1747 3814 me
1761 3768 1846 3833 parait

1059 3845 1167 3905 certain,
1181 3843 1244 3895 c'est
1264 3843 1297 3894 de
1313 3852 1450 3894 retrourer
1467 3842 1569 3893 Siracos
1586 3840 1651 3893 dans
1664 3841 1688 3892 le
1700 3843 1847 3912 geogtapbe

1058 3923 1139 3984 Ture,
1155 3922 1246 3974 Kiatib
1261 3920 1400 3985 chelcbi‚
1425 3938 1487 3972 sous
1500 3920 1523 3971 le
1537 3938 1600 3972 nom
1612 3919 1646 3972 de
1662 3921 1719 3972 Sita
1731 3938 1767 3972 οιι
1778 3922 1847 3972 Sila·

1060 4001 1175 4067 rqglriaa.
1191 4003 1228 4052 Le
1244 4011 1341 4052 canton
1363 3999 1493 4051 maritime
1511 3997 1575 4068 qu’il
1588 3998 1687 4068 appelle
1702 4000 1845 4052 tanet-st-

1060 4091 1115 4140 taa,
1131 4097 1166 4131 on
1177 4079 1320 4131 habitation
1334 4076 1368 4129 de
1381 4078 1463 4142 Sitan,
1479 4088 1518 4128 est
1533 4095 1584 4128 aux
1601 4079 1724 4128 environs
1735 4077 1770 4129 de
1781 4089 1847 4130 cette

1059 4159 1162 4211 riviere.
1184 4158 1238 4211 Elle
1260 4159 1399 4228 eureqoit
1415 4174 1467 4208 une
1487 4167 1571 4219 autre,
1585 4159 1707 4208 nominee
1726 4157 1844 4216 Berarrlr,

1058 4239 1103 4306 qui
1118 4256 1191 4308 passe
1203 4236 1218 4290 a
1231 4235 1407 4298 Firuz-abad,
1422 4236 1446 4288 la
1454 4235 1598 4305 principale
1614 4235 1673 4287 ritlc
1682 4234 1719 4288 du
1735 4236 1846 4287 Koureb

1057 4316 1207 4381 tl'Ardsbir,
1227 4327 1252 4368 et
1264 4318 1329 4368 citee
1339 4333 1401 4367 sous
1418 4332 1453 4366 ua
1468 4325 1541 4366 autre
1553 4333 1626 4380 nom,
1638 4315 1682 4383 qui
1691 4315 1726 4366 lui
1737 4325 1776 4366 est
1785 4317 1844 4382 ega·

1057 4395 1153 4448 lement
1166 4414 1272 4468 propre,
1285 4398 1373 4448 savoie
1384 4394 1492 4459 Οἰκέταν,
1506 4413 1551 4448 sur
1563 4393 1585 4448 la
1598 4405 1675 4448 route
1683 4393 1717 4447 de
1730 4396 1846 4448 Shirasa

1057 4475 1133 4540 Siras,
1147 4475 1212 4528 dans
1221 4475 1335 4527 l’Edrisi.
1348 4477 1423 4528 (lette
1437 4475 1556 4544 villaque
1566 4474 1588 4527 la
1603 4474 1725 4527 tradition
1734 4475 1771 4526 du
1780 4493 1844 4545 pais

1058 4567 1118 4607 reut
1139 4555 1333 4625 qu'blexantlte
1349 4556 1385 4606 ait
1402 4555 1522 4621 assilgee,
1537 4564 1562 4605 et
1581 4552 1644 4622 qu'il
1663 4552 1726 4605 n'ait
1743 4553 1846 4606 riduite

1057 4634 1136 4703 qu'en
1154 4634 1178 4686 la
1198 4633 1381 4700 submergant,
1404 4632 1539 4684 serait-elle
1555 4632 1677 4701 designec
1695 4631 1760 4683 datis
1772 4633 1847 4684 Plini·

1057 4731 1117 4764 sous
1130 4713 1153 4764 le
1166 4729 1229 4763 nom
1249 4710 1283 4762 de
1303 4709 1476 4775 Pasargadae,
1499 4711 1615 4780 quoique
1637 4728 1667 4761 ce
1680 4727 1743 4762 nom
1757 4712 1848 4779 puisse

1057 4809 1072 4860 y
1085 4793 1140 4843 itte
1149 4790 1273 4862 deplaee?
1288 4811 1297 4838 ι
1315 4789 1451 4842 Ι)Ἀιιι·ἰΙΙο
1461 4793 1540 4842 llern.
1553 4801 1573 4842 t.
1585 4791 1667 4852 XXX,
1680 4807 1707 4859 p.
1730 4791 1789 4840 158.
1801 4791 1843 4844 (ΙΙ.

1056 4872 1180 4923 Vincent.
1193 4889 1220 4940 p.
1233 4869 1295 4922 385.
1305 4869 1433 4921 Gesselin.
1443 4871 1491 4933 ΙΙΙ,
1503 4887 1530 4939 p.
1543 4887 1586 4938 79.
1600 4871 1609 4936 ΙΙ
1621 4899 1658 4909 -
1674 4871 1715 4921 18.
1732 4867 1792 4937 ῥηχ
1801 4869 1845 4920 ίαι

1057 4949 1106 5000 καὶ
1117 4951 1251 5018 τενάγεα
1263 4949 1271 5018 ]
1285 4947 1397 4999 Tractus
1406 4949 1451 5016 qui
1470 4958 1510 4999 est
1529 4947 1616 4999 intlca
1629 4947 1736 4999 λὀπίνιιι
1750 4959 1774 4998 rt
1791 4951 1846 4999 llas

1058 5027 1196 5079 ltrnlistan
1209 5025 1332 5096 usquead
1343 5030 1397 5078 llas
1407 5026 1430 5077 cl
1439 5027 1531 5077 ΙιΙιιιιιιι
1543 5027 1620 5078 etiam
1631 5027 1845 5078 nocentioribus

1056 5106 1091 5158 ob
1109 5107 1229 5178 scopulos
1247 5117 1272 5158 ct
1292 5106 1379 5158 brevia
1395 5106 1514 5157 omnium
1536 5105 1769 5175 periculosissimus
1789 5125 1845 5156 asso

1056 5187 1148 5239 sertim.
1420 5210 1423 5216 ·

1093 5269 1218 5330 XXXIX,
1233 5270 1276 5327 al..
1294 5264 1401 5335 Ἰεράτην
1413 5268 1443 5317 (1.
1459 5266 1520 5317 ΙΙΙοιι
1532 5282 1537 5316 :
1547 5263 1598 5316 οῦν.
1611 5260 1640 5331 ἦν
1657 5263 1768 5335 Ῥάτεμις
1782 5269 1814 5317 A.
1831 5269 1840 5330 j,
