3950 5925
296 430 398 471 rxrru
943 393 1248 462 Pttottmotastut.

296 543 400 601 llanno
417 541 612 617 lieqnentasse
625 548 769 606 narratur,
793 546 852 591 tum
874 532 1015 610 temporis
1029 530 1079 588 de·
1120 544 1197 587 reate
1207 536 1402 585 circumuectus
1414 549 1434 584 a
1447 531 1572 586 Gadibus
1584 531 1748 604 adfinem
1764 536 1894 588 Arabia

294 650 399 696 sertam
417 636 521 711 luisse,
537 632 681 709 siquidem
701 630 807 706 Scylax
821 628 948 686 tentoria
968 626 1081 684 solum-
1120 634 1324 704 navigationem
1333 646 1397 683 earn
1404 629 1532 701 prodidit
1539 633 1650 701 scripta.

194 728 196 733 ¹
295 733 382 791 modo
397 731 434 791 ab
447 727 671 791 adventantibus
687 727 783 785 nautis
795 724 933 786 ininsula
945 723 997 801 figi
1010 741 1080 800 per·
1161 722 1322 780 Martianus
1341 721 1459 799 Capella
1481 720 1524 778 De
1547 732 1629 797 nupt.
1652 720 1705 798 ph.
1719 720 1784 792 Vll,
1800 721 1835 778 de
1853 743 1894 779 ro·

295 826 376 885 bibet
392 828 441 904 (⁸).
1121 820 1204 876 tund.
1220 832 1304 877 terrae
1321 838 1353 896 p.
1366 838 1422 874 201
1439 838 1447 874 r
1462 822 1569 875 Hanno
1589 821 1655 874 dum
1672 820 1894 890 Punicumstmr·

337 932 387 991 τρι.
397 922 442 979 nb
450 922 497 980 his
506 940 571 997 quae
579 918 778 977 llerodotuset
787 915 893 993 Scylax
905 912 1078 973 anautisrel
1120 927 1163 970 ret
1176 919 1331 988 imperium,
1347 914 1533 969 Mauritaniae
1546 919 1664 967 circuitu
1683 932 1720 967 ae
1731 915 1832 968 delu'm
1844 935 1895 969 rrae·

295 1012 748 1092 mercatoribusaceeperant,ad
757 1031 791 1070 ea
804 1030 849 1068 me
859 1022 1001 1068 converto
1013 1028 1079 1086 quae
1120 1010 1227 1064 ridiant'
1240 1009 1339 1081 flexus
1367 1027 1486 1063 excursu
1512 1014 1541 1063 r‘n
1566 1006 1709 1064 Arabiae
1740 1014 1894 1065 terminos

296 1130 332 1169 cx
345 1112 411 1190 ipso
425 1111 545 1188 quidem
566 1109 719 1166 llannonis
732 1106 848 1185 periplo
860 1105 961 1176 ducta,
979 1103 1029 1161 sed
1043 1102 1080 1161 ad
1118 1106 1235 1179 prolixa
1244 1105 1397 1159 admodum
1411 1108 1590 1176 nauigatione
1601 1108 1737 1177 pervenit.

295 1209 452 1285 opiniones
470 1206 644 1265 Graecorum
664 1207 898 1283 geographorum
917 1218 1081 1259 accommo-
1160 1199 1255 1257 Porro
1278 1218 1371 1276 quum
1391 1198 1541 1273 navigatio
1562 1196 1714 1256 Hannonis
1736 1197 1847 1255 desinat
1867 1200 1893 1255 in

294 1303 362 1362 data
396 1318 472 1363 sunt.
491 1303 637 1361 Nimirum
666 1301 768 1379 Libyae
798 1302 874 1359 latus
897 1296 1077 1357 occidentale
1121 1296 1281 1351 Nottceras
1294 1291 1622 1367 sinum,eodemautem
1637 1292 1896 1368 nomineantiquio

294 1400 423 1459 Graecia
445 1400 535 1459 borea
555 1398 708 1457 meridiem
731 1417 835 1456 versus
854 1398 895 1454 ita
914 1392 1079 1453 statuebant
1121 1408 1168 1447 res
1184 1389 1343 1467 geographi
1353 1388 1544 1447 Alexandrini
1558 1389 1692 1447 ultimum
1702 1391 1799 1463 Libyae
1808 1393 1895 1446 orien-

293 1496 428 1573 extendi,
438 1497 627 1575 utpaullatim
642 1514 744 1553 versus
758 1507 854 1552 ortum
870 1491 1034 1551 deflecteret
1046 1489 1077 1545 iu
1121 1486 1190 1543 talis
1197 1486 1434 1563 promontorium
1443 1471 1595 1560 designent
1606 1506 1613 1541 ι
1624 1484 1769 1562 proclivis
1778 1496 1821 1541 est
1829 1504 1895 1541 con·

294 1589 369 1648 latus
394 1590 597 1663 meridionale,
622 1590 702 1667 (quod
727 1590 758 1646 in
784 1587 925 1666 parallelo
948 1584 1078 1660 regionis
1118 1582 1232 1658 jactura
1243 1602 1349 1641 nomen
1363 1582 1437 1640 illud
1448 1600 1485 1639 ex
1498 1586 1642 1639 Hannone
1654 1580 1852 1638 desumtumet
1868 1580 1895 1636 in

294 1687 488 1745 aromatilerae
499 1699 576 1745 reeta
592 1687 650 1743 lere
669 1685 748 1743 linea
759 1683 796 1742 ab
812 1698 879 1741 ortu
893 1681 929 1739 ad
943 1700 1077 1739 occasum
1122 1678 1358 1755 promontorium
1369 1676 1539 1744 translatum
1553 1693 1627 1749 esse,
1636 1676 1682 1733 vel
1693 1675 1895 1733 certeduorum

295 1780 433 1839 lenderet.
448 1778 723 1856 ddhancceLibyae
735 1780 855 1854 liguram
869 1775 1079 1835 transtulerunt
1123 1776 1253 1834 locorum
1276 1777 1395 1835 nomina
1417 1795 1508 1853 quum
1524 1775 1624 1834 eadem
1643 1787 1758 1848 esseut,
1779 1775 1894 1833 nonnul·

294 1876 350 1934 iter
363 1877 521 1936 Hannonis.
538 1882 639 1953 ltaque
651 1896 741 1954 quum
756 1876 869 1934 dierum
883 1874 917 1931 51
931 1872 1079 1947 navigatio
1122 1871 1159 1929 lis
1181 1873 1244 1929 visa
1260 1890 1322 1929 esse
1340 1870 1377 1927 ad
1395 1870 1519 1931 eundem
1537 1871 1623 1929 etiam
1644 1870 1742 1928 locuni
1762 1873 1896 1948 pertinere

293 1990 329 2027 ex
348 1974 496 2030 communi
521 1984 660 2049 computo
683 1970 778 2029 stadia
797 1970 893 2027 25500
918 1966 1076 2045 (erboo)
1122 1964 1894 2043 (Cillanuertll,1,p.76,a,p.502).Promontorium

292 2064 430 2142 efficeret,
445 2064 546 2144 Libya·
562 2065 764 2125 meridionalis
778 2077 888 2143 partem
912 2062 999 2139 longe
1016 2080 1078 2118 ma·
1122 2081 1193 2120 vero
1206 2081 1223 2119 e
1236 2063 1303 2120 sinu
1318 2074 1399 2119 tanto
1413 2062 1527 2119 lucilius
1544 2061 1667 2123 evadere
1686 2060 1798 2139 potuit,
1812 2080 1893 2136 quum

291 2158 386 2234 jurem
409 2160 663 2236 Carthaginienses
691 2160 956 2235 circumnavigasse
982 2156 1078 2216 rideri
1122 2158 1158 2215 de
1168 2158 1314 2216 montibus
1324 2158 1421 2236 potius
1430 2178 1516 2235 (luam
1524 2158 1561 2216 de
1570 2159 1703 2217 fluviiset
1711 2156 1835 2216 sinubus
1844 2178 1896 2215 ros

293 2254 474 2327 debuerunt,
502 2256 647 2331 siquidem
670 2254 783 2313 boreali
799 2254 882 2312 lateri
903 2256 1001 2311 28000
1019 2252 1079 2310 lere
1122 2253 1200 2332 κέρας
1213 2268 1384 2333 usurpetur.
1403 2254 1545 2313 Similiter
1562 2257 1637 2313 alter
1647 2256 1802 2312 llannouis
1811 2258 1894 2326 sinus,

294 2349 387 2406 stadia
411 2368 476 2407 cum
501 2349 691 2407 Eratosthene
713 2348 838 2425 aliisque
861 2346 1019 2418 tribueris3
1033 2347 1079 2404 sin
1122 2349 1256 2431 Ἑσπέρου
1269 2352 1358 2432 κέρας,
1366 2351 1397 2409 in
1406 2352 1642 2428 promontorium
1657 2351 1744 2424 abiit,
1758 2350 1897 2428 quodpri-

293 2442 350 2499 hoc
362 2444 458 2502 minus
476 2443 596 2518 longum
615 2462 678 2501 esse
692 2455 871 2513 censeretur,
888 2441 1079 2498 recensuisse
1122 2464 1201 2503 nrum
1211 2446 1330 2521 quidem
1340 2445 1442 2503 eodem
1452 2447 1558 2503 inloeo
1568 2445 1896 2524 posueruntquollanno

296 2538 461 2598 Herodotus
475 2539 602 2611 videtur,
622 2540 668 2596 rel
680 2539 705 2597 si
720 2538 787 2615 quis
806 2536 946 2614 majorem
967 2535 1078 2594 stadio-
1122 2541 1219 2597 sinum
1234 2541 1348 2618 posuit,
1364 2540 1525 2617 quattridui
1549 2540 1738 2615 navigatione
1762 2560 1780 2598 a
1802 2538 1896 2597 Thetin

295 2654 360 2693 rutn
377 2653 529 2693 numerum
542 2632 647 2692 indies
658 2633 769 2691 illos51
786 2643 976 2710 computaret,
987 2650 1080 2707 usque
1122 2634 1269 2692 oelremate
1283 2634 1438 2693 distantem
1452 2635 1510 2712 (sic
1524 2634 1639 2693 Plinius
1647 2633 1701 2705 Vl,
1716 2634 1790 2711 35);
1805 2648 1896 2711 postea

294 2734 330 2787 ad
343 2729 477 2788 Arabiam
496 2743 663 2809 penetrasse
685 2730 805 2788 classem
820 2728 974 2785 llannonis
998 2724 1078 2785 credi
1122 2744 1217 2785 autem
1233 2748 1340 2787 nomen
1354 2729 1476 2792 illudat
1490 2749 1590 2788 rerum
1605 2729 1851 2806 promontorium,
1865 2728 1895 2785 ad

294 2838 416 2903 poterat
432 2826 485 2884 llis
495 2845 531 2883 ex
543 2824 736 2903 opinionibus
749 2823 875 2903 pendent
886 2842 951 2899 quae
959 2821 1080 2879 dellan·
1121 2824 1189 2882 laod.
1204 2827 1264 2900 Cap
1277 2829 1355 2894 Vert,
1371 2828 1500 2883 omnium
1515 2826 1641 2882 maxime
1654 2844 1760 2883 versus
1773 2844 1895 2882 occasnm

215 2956 219 2966 ι
295 2940 371 2979 none
385 2921 492 2999 passim
508 2918 693 3000 produntur:
1122 2941 1297 3000 procurrens
1319 2940 1353 2981 ac
1375 2922 1434 2980 situ
1460 2941 1514 2981 suo
1537 2934 1567 2979 et
1587 2921 1680 2997 figura
1701 2919 1773 2980 huic
1794 2920 1895 2979 nomini

334 3015 448 3074 Plinius
461 3015 497 3092 V,
512 3036 537 3086 r,
555 3036 566 3071 1
586 3035 592 3070 :
608 3019 698 3071 Fuere
707 3028 735 3071 et
748 3018 898 3070 Hannonis
911 3015 991 3068 discis
1002 3032 1080 3068 eom·
1121 3018 1322 3094 aptissimum,
1345 3017 1556 3076 transtulerunt
1579 3017 1644 3093 (sie
1657 3017 1736 3075 Ptin.
1753 3015 1803 3088 VI,
1824 3016 1858 3072 36
1871 3029 1896 3072 et

294 3119 430 3179 ”temnit
449 3114 563 3168 Punicis
576 3112 656 3166 rebus
667 3110 874 3183 florenmsimts
887 3111 1080 3182 explorare
1122 3113 1424 3192 laudatoPolybio,ll,
1437 3126 1487 3172 tet
1493 3110 1689 3191 Ptolemaeus).
1698 3111 1777 3171 Fieri
1783 3113 1894 3169 hostum

293 3208 454 3262 ambitum
469 3204 683 3278 Asrierejussi.
1122 3211 1237 3269 demum
1251 3212 1346 3290 potuit
1357 3211 1519 3289 quumaliae
1528 3210 1617 3287 bujus
1628 3230 1687 3268 orae
1694 3209 1897 3287 descriptiones

334 3297 471 3374 lllelalll,
484 3319 502 3376 9
517 3321 525 3356 ε
536 3305 641 3358 Hanno
651 3299 895 3374 Carthaginiensis
901 3300 1079 3372 caperratum
1122 3319 1323 3384 suppeterent,
1340 3305 1450 3382 quibus
1461 3308 1538 3364 inter
1551 3319 1663 3364 ceteros
1675 3307 1721 3364 usi
1735 3318 1803 3364 sunt
1816 3305 1896 3380 Poly·

294 3401 393 3450 mr'rsus
406 3415 425 3450 a
449 3401 514 3463 suis,
542 3414 625 3470 quum
645 3414 700 3468 per
719 3396 828 3450 Oceani
845 3399 945 3448 artium
963 3398 1073 3460 exisset,
1121 3398 1645 3472 binseerlemaeus,verbapljnii‚
1663 3420 1730 3476 (με
1742 3400 1799 3458 huc
1816 3400 1896 3477 peni.

294 3511 455 3564 teregnum
469 3504 606 3566 partem
619 3497 691 3561 ejus
706 3495 969 3554 circumvectus,
984 3507 1080 3543 nonae
1122 3507 1208 3565 nent,
1228 3515 1318 3571 quum
1337 3495 1424 3552 simul
1444 3495 1502 3553 alia
1517 3494 1606 3553 nobis
1623 3495 1818 3553 examinanda
1835 3515 1897 3572 pm».

294 3593 375 3656 trram,
394 3590 446 3643 red
456 3601 611 3643 wmmeatu
619 3584 753 3658 defecisse
767 3597 921 3642 memoratu
933 3587 1077 3640 retulerat.
1121 3587 1224 3660 beant,
1237 3589 1403 3649 adscribere
1411 3592 1514 3649 liceat.

334 3681 476 3738 Arrianus
490 3679 554 3736 lnd.
572 3701 599 3740 e.
616 3681 664 3750 43,
680 3699 711 3735 ιι
729 3698 736 3738 :
752 3677 850 3738 Ἄννων
874 3677 901 3736 δὲ
919 3680 933 3734 i
954 3675 1035 3742 ntia
1048 3678 1079 3736 ὶκ
1163 3684 1185 3743 Ι.
1201 3682 1318 3744 Plinius
1334 3685 1385 3758 VI,
1407 3687 1444 3743 36
1455 3730 1464 3761 ,
1476 3698 1630 3763 postquam
1646 3685 1683 3743 de
1697 3685 1793 3744 Cerne
1809 3685 1897 3742 insula

295 3775 465 3854 Καρχηδόνος
488 3773 609 3854 ὁρμηθεὶς
633 3773 698 3854 ὑπὲρ
729 3773 777 3850 μὲν
800 3772 959 3852 Ἡρακλείας
981 3773 1079 3844 στήλας
1121 3779 1219 3836 varias
1232 3779 1389 3838 sententias
1400 3779 1561 3836 adduxerat
1573 3791 1602 3836 et
1614 3779 1692 3836 inter
1704 3778 1765 3836 alia
1774 3779 1895 3835 dixerat:

294 3869 441 3939 ἐξέπλωσεν
461 3869 510 3938 ἔξω
522 3872 547 3937 te
564 3869 609 3930 τὸν
631 3869 724 3930 πόντον
739 3872 765 3928 ἰν
780 3873 903 3950 ἀριστερῇ
915 3867 961 3940 τὴν
976 3868 1078 3942 Λιὸύην
1121 3876 1256 3946 Polybius
1279 3880 1309 3930 in
1322 3889 1451 3931 extrema
1467 3877 1646 3929 Mauritania
1668 3887 1768 3930 contra
1786 3887 1896 3928 montem

293 3969 343 4043 γῆν
351 3963 427 4045 ἔχων·
434 3965 480 4024 stul
490 3964 548 4024 lare
560 3965 692 4045 μὲνπρὸς
708 3964 804 4046 ἂνὲσχ
810 3963 965 4036 arcadius
976 3965 1078 4031 balab<
1122 3973 1267 4024 Atlantem
1279 3990 1298 4024 a
1312 3983 1387 4025 terra
1399 3971 1495 4024 stadia
1514 3981 1576 4025 octo
1589 3970 1686 4024 abesse
1692 3969 1822 4042 prodidit
1836 3958 1897 4024 Cer·

294 4065 366 4143 αὐτῷ
380 4061 482 4140 ἐγένετο
494 4061 540 4130 τὰς
553 4061 640 4127 πάσας
660 4060 737 4120 πέντε
754 4061 800 4119 eal
810 4061 950 4141 τριήκοντα
964 4059 1077 4139 ἡμέρας·
1121 4086 1184 4132 narr,
1201 4065 1317 4143 pergit:
1334 4068 1469 4121 Traditur
1486 4078 1517 4121 et
1533 4068 1596 4121 alia
1613 4067 1706 4120 insula
1718 4078 1817 4120 eontra
1830 4084 1898 4120 neon·

293 4162 329 4225 ὡς
343 4155 370 4216 il
382 4157 414 4228 δὴ
427 4160 452 4225 t<
462 4156 631 4236 μεσημύρύην
642 4155 812 4235 ἐξιτρύπιτο,
823 4157 950 4232 πολλῇσιν
965 4157 1077 4234 dunqu-
1121 4173 1176 4216 tem
1200 4163 1350 4229 Atlantem,
1366 4173 1396 4215 et
1413 4165 1475 4234 ipra
1489 4161 1612 4215 Atlantis
1631 4162 1790 4233 appellata.
1806 4161 1850 4215 Ab
1866 4177 1898 4213 ea

293 4255 379 4335 νίῃσιν
392 4255 561 4334 ἐνετύγχανεν
573 4253 666 4320 ὕδατός
679 4276 708 4311 τε
720 4252 817 4334 ἀπορίῃ
829 4252 875 4310 καὶ
890 4252 1008 4329 καύματι
1019 4255 1077 4310 ἔπι·
1120 4263 1238 4331 quinque
1253 4259 1361 4312 alierum
1373 4263 1550 4332 nauigatione
1566 4259 1730 4312 solitudines
1742 4259 1786 4312 ad
1792 4257 1898 4316 AEtliio·

294 4349 414 4429 φλέγοντι
427 4351 472 4408 uui
484 4350 558 4430 ῥύαξι
571 4348 652 4430 πυρὸς
666 4351 691 4416 l<
700 4347 744 4409 τὸν
756 4348 849 4406 πόντον
861 4347 1034 4425 ἐμύάλλουσι.
1117 4372 1169 4426 pes
1191 4353 1339 4424 Hesperios
1364 4364 1394 4407 et
1411 4359 1627 4425 prornontorr'unr
1648 4353 1724 4426 quod
1747 4357 1899 4409 vocarlnms

333 4444 447 4506 Plinius
458 4446 498 4520 ll,
511 4449 547 4520 67
564 4467 571 4503 :
587 4449 689 4504 Hanno
699 4446 885 4520 Carthaginis
894 4446 1077 4520 potentiafio·
1120 4451 1272 4521 Heqrerian
1288 4465 1378 4514 ceras,
1395 4447 1461 4501 inde
1465 4452 1589 4521 primunr
1598 4453 1808 4521 cir-emungente
1815 4466 1844 4500 se
1852 4459 1898 4500 ten

325 4633 356 4696 (*)
366 4636 448 4692 Quum
462 4634 547 4696 Scylax
561 4648 585 4697 p.
605 4638 662 4694 ala
681 4633 767 4696 prodat
781 4632 903 4682 Plrmnices
916 4632 940 4681 in
955 4633 1050 4682 cernon
1063 4629 1285 4692 appellentesrobe
1295 4630 1423 4690 γαύλους
1434 4629 1485 4679 sire
1501 4641 1574 4678 nares
1583 4629 1706 4678 onerarias
1719 4629 1753 4677 ibi
1762 4629 1852 4688 sistere,
1861 4628 1897 4677 ot·

293 4701 341 4752 cnil
357 4707 439 4753 autem
459 4716 480 4752 c
491 4708 516 4764 7,
531 4711 553 4763 1,
569 4707 584 4753 i
599 4705 632 4754 ita
646 4705 750 4752 linirent:
765 4704 864 4754 Gautea
878 4701 1003 4762 (Gaudm
1016 4714 1040 4749 ι.
1057 4702 1092 4762 1.)
1105 4702 1193 4751 insuta
1206 4701 1358 4751 inaustratt
1375 4700 1652 4751 oceanooeeidentntts
1671 4700 1819 4762 AEtltioptm
1830 4700 1898 4759 eujus

294 4773 447 4824 amuletum
460 4773 573 4823 isidorus
583 4777 610 4824 tn
627 4771 701 4825 Vlttl
709 4773 777 4824 libra
790 4773 1012 4835 dtumotoutarum
1020 4771 1133 4822 ostendit
1142 4787 1149 4821 ε
1158 4772 1317 4834 tetmnntus(
1329 4770 1403 4821 heah.
1413 4785 1461 4822 sur
1470 4772 1568 4828 Danti,
1578 4785 1603 4834 p.
1616 4774 1767 4834 tttlceaset
1777 4770 1898 4819 Gauteam

293 4847 364 4894 istam
377 4858 425 4894 non
437 4845 508 4894 aliam
518 4844 565 4893 dici
577 4859 649 4908 qrram
661 4849 764 4906 cuneo,
775 4857 849 4907 quam
863 4845 982 4907 aquilae
994 4844 1029 4894 sic
1042 4844 1217 4906 nominasseut3
1225 4847 1337 4909 idemque
1350 4858 1439 4895 nomen
1450 4858 1573 4896 recurrere
1587 4845 1611 4894 in
1624 4846 1700 4895 altera
1717 4844 1855 4894 Plroenicum
1864 4842 1898 4891 in·

293 4914 355 4973 sula,
367 4927 423 4978 quar
441 4915 535 4966 Gaulos
545 4915 554 4974 (
563 4915 619 4964 hod.
636 4918 728 4978 Geato)
742 4917 851 4964 ιοσείιιι.
866 4941 898 4951 -
909 4919 939 4964 at
951 4929 1008 4977 qun
1017 4913 1089 4974 vulgo
1102 4915 1193 4964 Garates
1203 4915 1300 4978 dictim,
1314 4915 1380 4977 apud
1393 4916 1536 4966 strabonem
1549 4917 1575 4964 et
1586 4917 1611 4964 tu
1628 4914 1726 4965 Diodori
1740 4914 1808 4963 libris
1819 4911 1897 4962 mdio-

294 4985 359 5035 rihus
370 4986 471 5034 roratur
483 4985 585 5047 lmese,
597 4985 669 5048 ldque
683 4987 772 5036 tectim
785 4987 836 5034 lieri
854 4987 919 5046 patet
930 4999 961 5034 ex
974 4986 1070 5036 nomine
1086 4987 1182 5035 arabico
1198 4989 1318 5039 Gaudetis
1337 4990 1375 5049 (v.
1390 4991 1493 5038 Morem.
1508 4988 1592 5038 Phara.
1608 4990 1643 5045 11,
1656 5000 1682 5049 p.
1700 4993 1747 5036 tto
1757 4987 1778 5047 l,
1796 4999 1840 5035 noc
1853 4998 1897 5033 non

291 5055 390 5104 etertla
416 5055 506 5105 Gattdo
524 5055 562 5104 rel
587 5055 677 5106 Gaude
699 5068 773 5119 qrram
797 5069 870 5119 prope
891 5059 989 5106 cretam
1007 5059 1131 5109 lemicss
1150 5059 1284 5108 insederant
1303 5060 1347 5120 (s.
1363 5061 1414 5109 not.
1430 5057 1460 5107 ad
1485 5057 1552 5108 stad.
1571 5071 1596 5119 n.
1616 5052 1896 5119 maturantesque

294 5124 412 5174 Dicrrilnm
429 5125 499 5176 lectio
517 5127 625 5178 Gaudeo
639 5128 727 5177 rectius
743 5129 816 5177 hahet
832 5141 907 5190 quarn
920 5129 1029 5178 Gaulea.
1045 5129 1114 5191 apird
1131 5129 1247 5179 tshlornm
1260 5144 1283 5193 p.
1298 5137 1337 5180 111
1356 5129 1451 5180 codices
1461 5129 1536 5178 nostd
1556 5129 1645 5178 habeut
1659 5129 1774 5177 Guutoett
1791 5130 1816 5176 et
1832 5129 1897 5175 Gau·

292 5194 443 5314 ffiluffl
455 5200 547 5317 purim
563 5198 806 5249 mteturerdtrena
822 5199 925 5250 lectione
941 5199 1076 5250 Gardenet
1092 5201 1192 5249 σσιιὶοιι
1210 5201 1273 5262 (pro
1297 5199 1405 5251 Gaudes
1423 5199 1449 5249 et
1468 5198 1605 5259 σοιιιὶοιι).
1623 5200 1737 5249 cdenrm
1758 5209 1816 5260 quae
1831 5194 1898 5245 luerit

377 5278 455 5325 ,nuc
481 5303 486 5316 .
1460 5285 1465 5295 ·
