3950 5925
222 376 245 449 ‚t
479 366 483 377 ’
532 363 535 371 ’
915 362 1132 445 riurano.

224 536 314 598 nent
330 522 470 593 minuta
486 519 546 591 illa
562 518 693 615 scripta
708 516 843 614 quilius
860 516 975 612 capita
998 515 1163 613 quaedam
1182 530 1284 585 tanto
1306 515 1440 609 majore
1464 515 1650 612 diligentia
1672 529 1709 586 e't
1724 540 1830 587 accu-

221 644 360 721 ratione
381 655 654 739 pertractantur,
667 664 743 736 quo
757 638 974 711 arctioribus
990 639 1154 709 materies
1172 636 1310 709 linibus
1328 638 1600 735 circumscripta
1614 653 1678 710 est.
1695 640 1830 709 beatis·

221 768 311 842 sima
325 790 452 838 corum
476 764 582 861 eopia
605 777 744 835 veteres
766 761 1015 850 abundabant,
1035 785 1104 831 nec
1126 784 1241 857 pauca
1266 760 1375 831 nobis
1405 759 1550 832 fortuna
1575 762 1659 833 lecit
1679 762 1829 858 reliqua.

219 892 307 975 Qua
326 890 464 961 etiamsi
476 887 656 959 librorum
666 910 751 957 mss.
769 885 847 959 latis
863 885 1001 981 iniquis
1011 885 1167 980 pessime
1181 899 1268 954 sunt
1282 883 1419 972 affecta,
1430 883 1486 955 vel
1497 886 1550 955 sic
1565 900 1698 973 tamen,
1710 910 1827 982 quum

221 1012 511 1109 plurimaeorum
527 1009 583 1079 sui
598 1008 739 1103 generis
756 1021 897 1079 exstent
910 1006 1449 1101 monumentaunica,pretium
1464 1006 1602 1078 habent
1615 1009 1828 1078 maximum.

270 1140 437 1206 Ceterum
458 1131 535 1203 haec
550 1129 725 1228 opuscula
739 1154 855 1230 quum
868 1129 1023 1201 minoris
1036 1128 1324 1200 ambitusessent.
1335 1154 1444 1226 quam
1457 1144 1496 1199 ut
1507 1129 1616 1225 justis
1631 1130 1829 1227 implendis

220 1256 470 1336 voluminibus
492 1253 710 1341 sufficerent,
720 1253 793 1349 jam
810 1254 1012 1350 antiquitus
1026 1276 1105 1322 mos
1115 1266 1190 1322 erat
1199 1251 1388 1348 complura
1405 1253 1441 1322 in
1459 1276 1574 1322 unum
1590 1278 1825 1351 componere.

220 1386 262 1451 Et
273 1366 362 1478 'quie
378 1380 431 1451 ‘sic
452 1378 492 1449 in
508 1376 698 1449 codicibus
715 1376 848 1447 nostris
859 1375 986 1470 juncta
1010 1360 1219 1462 occurrunt,
1237 1372 1364 1445 eadem
1378 1375 1548 1450 societate
1564 1376 1658 1473 typis
1676 1376 1830 1473 repetie-

221 1519 308 1575 runt
323 1502 431 1599 primi
445 1499 769 1599 geograpliicorum
778 1498 935 1570 editores
952 1501 1386 1573 SrcrsusunousGsaamus
1397 1513 1433 1569 et
1447 1502 1567 1571 Davrn
1577 1504 1830 1570 lioescnasrus.

220 1631 384 1713 Quorum
409 1625 470 1696 ille
494 1650 553 1697 an.
582 1622 671 1693 1533
689 1648 709 1693 e
728 1620 854 1693 codice
874 1621 1038 1691 Palatino
1055 1620 1169 1694 edidit
1188 1621 1326 1691 Arriani
1350 1636 1386 1691 et
1406 1623 1597 1693 Hannonis
1613 1620 1771 1719 periplos
1793 1637 1832 1693 et

221 1747 402 1821 Plutarchi
425 1747 471 1818 de
496 1746 616 1817 fluviis
641 1744 805 1816 libellum
825 1758 860 1815 et
881 1744 1066 1841 epitomen
1096 1742 1449 1841 Strabonianam(i),
1469 1744 1693 1816 Hoeschelius
1708 1759 1832 1816 autern

220 1896 277 1945 an.
295 1869 557 1943 ibooecodicis
565 1866 968 1964 Pithoeaniapographis
976 1866 1214 1937 Hervortiano
1225 1880 1260 1936 et
1268 1866 1608 1965 Palatinoproduxit
1618 1872 1832 1965 scymnum,

220 2019 327 2090 quem
338 2008 482 2081 vocant,
495 1992 729 2076 Marcianum,
745 1989 939 2085 Scylacem,
955 1988 1214 2076 Dictearclium,
1228 1989 1409 2060 Isidorum
1420 1992 1484 2085 (a).
1497 1992 1574 2079 llis,
1585 2006 1624 2061 ut
1637 2016 1715 2061 sors
1725 1991 1834 2062 obtu-

221 2116 326 2203 lerat,
350 2115 387 2185 in
410 2113 529 2184 lucem
549 2109 710 2199 emissis,
737 2107 906 2206 proclivis
925 2123 1002 2179 erat
1024 2108 1195 2204 cogitatio
1214 2108 1260 2181 de
1278 2109 1379 2205 justo
1395 2112 1654 2183 concinnando
1673 2118 1834 2207 Geogra·

221 2237 379 2334 phorum
393 2248 624 2331 syntagmate.
640 2234 779 2303 Primus
797 2231 835 2301 id
850 2230 1046 2301 consilium
1064 2230 1145 2300 iniit
1160 2233 1276 2301 Lucas
1293 2236 1528 2324 Honsranms,
1547 2235 1759 2333 multiplicis
1776 2238 1835 2306 vir

221 2360 406 2446 doctrina,
428 2355 556 2449 judicii
566 2356 718 2445 subacti,
737 2353 924 2427 indelessa
937 2352 1144 2450 diligentiae.
1162 2358 1421 2429 Verumtamen
1435 2374 1630 2455 postquam
1645 2360 1834 2457 copiosam

222 2484 271 2553 rei
297 2479 461 2576 gerendae
481 2478 741 2575 supellectilem
763 2503 783 2549 e
806 2476 1040 2549 bibliothecis
1058 2477 1265 2565 Britanniae,
1289 2478 1431 2569 Galliae,
1457 2480 1562 2552 ltaliae
1585 2481 1775 2577 collegerat
1794 2496 1833 2552 et

218 2606 292 2703 jam
309 2617 490 2701 peregerat
505 2616 644 2699 partem
660 2598 807 2688 laboris,
824 2624 907 2670 mox
924 2599 970 2670 ad
986 2597 1057 2670 alia
1075 2601 1220 2696 negotia
1236 2599 1377 2673 delatus
1392 2620 1596 2701 susceptam
1606 2606 1833 2702 provinciam

222 2726 380 2799 deseruit
393 2724 455 2818 (3).
472 2724 664 2820 Aliquanto
672 2740 756 2821 post
766 2727 921 2793 lacobus
936 2721 1254 2793 Guonovmslibro
1268 2724 1332 2819 qui
1353 2725 1603 2822 tieogruplricu
1615 2729 1765 2823 antiqua
1775 2728 1835 2797 in-

221 2851 391 2925 scribitur
403 2850 469 2944 (lii,
482 2862 654 2943 quattuor
668 2846 784 2917 edidit
800 2844 974 2942 opuscula
990 2845 1077 2939 (an.
1099 2846 1188 2944 1697
1200 2848 1226 2937 ).
1247 2847 1362 2919 Multo
1375 2849 1511 2943 majora
1522 2849 1650 2920 eodem
1668 2865 1836 2947 tempore

228 3020 232 3032 ’
255 3024 275 3064 1.
289 3016 409 3078 Ἀρριανοῦ
420 3013 544 3077 περίπλους
554 3013 661 3069 Εὐξείνου
675 3012 772 3061 πόντον.
784 3013 832 3062 Τοῦ
842 3011 915 3062 αὐτοῦ
922 3011 1046 3075 περίπλους
1054 3017 1095 3070 τῆς
1111 3012 1222 3076 Ἐρυθρᾶς
1239 3012 1365 3070 θαλάσσης.
1377 3013 1489 3070 Ἄννωνος
1501 3016 1626 3078 περίπλους
1641 3015 1736 3074 nieme
1754 3017 1835 3066 illuu-

220 3089 308 3150 τάρχον
317 3087 538 3148 spinosissimi
549 3085 618 3148 ὀρῶν.
633 3085 746 3146 Ἐπιτομὴ
752 3088 798 3132 τῶν
806 3086 851 3132 τοῦ
863 3083 1000 3148 Στράΰωνος
1012 3089 1188 3146 remanserant.
1202 3087 1312 3134 Arriani
1328 3089 1355 3134 ei
1370 3089 1509 3136 Hannonis
1522 3088 1652 3151 Periplttt.
1670 3087 1836 3140 Plutarchus

221 3157 417 3219 deflumintttur
426 3157 453 3205 el
462 3156 600 3206 montibus.
614 3155 750 3205 stratonis
760 3157 877 3216 epitome.
894 3155 1003 3204 liuban.
1014 3155 1124 3205 Bustica
1136 3167 1205 3203 unns
1217 3157 1400 3205 Moxxxm.
1413 3156 1488 3204 in·t⁰.

252 3235 275 3277 1.
292 3226 469 3288 Geoprupbtco
490 3229 624 3276 buimont
641 3225 810 3286 vacuitate,
828 3225 942 3287 seruus
961 3222 1338 3285 comminutionum
1354 3223 1470 3286 spinis,
1484 3225 1630 3275 Dieourrbt
1642 3229 1772 3289 Haurit,
1785 3231 1837 3277 tsi·

221 3299 279 3348 ituri
292 3297 448 3348 eburneam.
464 3300 557 3346 omniu
568 3309 637 3346 uuae
651 3299 777 3359 minum,
786 3297 886 3358 preter
906 3293 1052 3346 Dteeurrirt
1068 3294 1127 3351 uta,
1138 3305 1156 3342 a
1173 3291 1274 3342 Doride
1288 3293 1428 3344 Hoercietio
1442 3299 1505 3355 sup.
1522 3308 1556 3345 ex
1569 3299 1742 3360 manuscript.
1758 3297 1835 3347 codd.

221 3367 437 3428 adieramus
451 3365 651 3426 vinacium,
663 3365 699 3415 ud
708 3368 808 3429 insigne
817 3368 906 3428 pinam
922 3367 986 3414 mins
995 3365 1136 3427 priuilegio
1147 3368 1209 3415 cas.
1222 3369 1355 3429 perpetuo.
1369 3370 1450 3418 tilio.
1467 3369 1538 3419 iti-⁸⁰.
1610 3390 1613 3396 ·

252 3447 275 3490 t.
291 3438 417 3500 ttattonem
431 3435 517 3489 edendi
528 3437 687 3498 silnanus
698 3435 836 3488 iiotstenius
847 3436 961 3497 exposuit
974 3435 999 3484 in
1013 3435 1089 3498 Epist.
1102 3435 1134 3486 sd
1147 3435 1290 3486 Ροίτοιοὶοοι
1305 3437 1314 3498 t
1328 3440 1361 3487 ttt
1370 3437 1405 3487 td.
1415 3437 1485 3488 Febr.
1497 3450 1536 3488 an.
1550 3439 1638 3502 11111).
1649 3441 1717 3500 Opus
1730 3437 1837 3488 medita·

221 3509 293 3558 tntur
304 3507 463 3570 tripartitum,
484 3507 517 3555 ita
538 3509 565 3554 nt
577 3507 653 3568 prims
664 3517 719 3568 psrs
738 3509 797 3554 rett.
814 3506 1004 3566 geographorum
1018 3506 1140 3556 mianum
1154 3507 1271 3569 opuscula
1283 3507 1417 3557 rontineret
1429 3508 1526 3571 igino,
1543 3509 1618 3558 attera
1631 3511 1839 3559 umesauctores

220 3581 263 3640 qut
281 3579 312 3630 de
329 3579 388 3630 urbs
401 3581 475 3640 atque
495 3575 595 3639 inperio
607 3575 873 3637 comminomtitsae
886 3575 1044 3638 scripserunt,
1058 3577 1130 3628 tertis
1143 3577 1310 3640 geographiam
1321 3591 1423 3628 morsm
1439 3603 1471 3616 -
1483 3582 1569 3630 Parsa
1588 3591 1675 3630 euru
1692 3593 1837 3631 naemu:

223 3649 376 3699 abiunetis
389 3649 458 3697 Pssttt
474 3647 519 3708 (in
535 3647 588 3696 attis
599 3645 671 3695 codd.
686 3645 812 3708 iiioepbori
824 3645 964 3695 Btemmidai
978 3647 988 3706 i
1004 3659 1087 3708 opusc.
1100 3646 1131 3696 de
1144 3653 1215 3696 terre
1225 3642 1283 3705 situ,
1295 3647 1370 3708 ligura
1381 3652 1406 3698 et
1418 3649 1589 3711 magnitudine.
1600 3675 1633 3686 -
1644 3656 1667 3700 1.
1681 3649 1838 3714 Ἆγοθηρὲρον

220 3725 263 3770 τοῦ
275 3721 392 3784 'Optem
401 3717 546 3782 γεωγραφίας
558 3717 715 3774 musanen.
725 3745 755 3760 -
770 3724 792 3767 t.
803 3715 935 3778 Ἆνωνύρον
946 3717 1097 3773 mutarum
1108 3717 1254 3780 γεωγραφίας
1263 3717 1288 3766 ἄν
1297 3717 1412 3781 ὶπιτόρρ.
1419 3745 1451 3755 -
1459 3723 1483 3769 1.
1494 3725 1635 3781 annuimus
1641 3719 1673 3770 de
1679 3720 1839 3771 dmibmda

221 3797 284 3841 terra
294 3792 318 3841 in
328 3791 406 3854 globo.
420 3817 450 3828 -
463 3797 486 3840 t.
502 3790 615 3840 Marciani
627 3789 775 3842 nuruum
792 3789 909 3850 πορίπὶων
928 3787 982 3837 libri
997 3791 1028 3838 it.
1041 3815 1071 3824 --
1086 3788 1265 3839 aluminosi
1283 3789 1377 3850 Ephesii
1389 3791 1423 3852 (i.
1434 3803 1458 3839 e.
1471 3789 1585 3852 Menippi,
1599 3793 1628 3840 ut
1641 3791 1692 3854 ipse
1706 3793 1737 3841 ti.
1753 3793 1839 3854 putes

224 3861 285 3912 vidit
296 3863 304 3922 )
317 3863 435 3924 epitomes
447 3861 616 3924 tnpnentum.
632 3866 696 3912 -7.
713 3859 832 3921 anonymi
846 3859 924 3921 poeta
936 3859 1072 3921 πιριήγνρις
1088 3856 1118 3907 sd
1129 3857 1284 3911 tttcomedem
1305 3871 1393 3920 regem.
1408 3890 1437 3902 -
1457 3864 1480 3908 ti.
1506 3860 1593 3923 scylax
1605 3860 1786 3923 cunnum.
1803 3891 1839 3903 ..

222 3937 246 3982 a.
263 3932 388 3986 Hannonis
400 3932 512 3994 pertpius.
520 3956 552 3968 -
567 3936 604 3982 to.
615 3928 749 3982 Dieuarciii
760 3928 889 3991 desubito
897 3929 1008 3979 Gracina.
1018 3953 1051 3973 -ι
1062 3935 1097 3978 11.
1109 3929 1215 3992 Dbnysii
1228 3929 1335 3991 bynatit
1345 3930 1461 3987 ἀνάπλοος
1472 3930 1571 3992 bospori
1582 3931 1686 3982 Thracii.
1697 3962 1729 3974 -
1742 3939 1779 3984 11.
1792 3937 1839 3985 Pe·

222 4003 252 4052 tri
265 4001 329 4066 Gyiii
345 4002 532 4052 commentarius
544 4000 570 4050 in
582 4001 733 4064 Dionysium.
745 4029 776 4042 -
789 4005 826 4050 ta.
845 3999 937 4048 arriani
948 3999 1054 4062 periptm
1069 3999 1147 4050 Ponti.
1157 4026 1189 4034 -
1200 4003 1236 4048 tt.
1248 4001 1369 4060 Anonymi
1383 4013 1433 4062 per.
1450 4002 1531 4050 Ponti
1544 4028 1574 4045 -
1590 4009 1627 4053 is.
1639 4003 1838 4055 Pseudosrriani

222 4088 274 4138 per.
288 4073 360 4124 maris
373 4071 501 4134 coutet.
514 4101 545 4114 -
558 4078 594 4122 ts.
606 4072 690 4124 induri
701 4073 774 4122 cbsr.
788 4071 923 4122 muniones
934 4070 1061 4121 Parthiae·
1076 4095 1108 4108 -
1124 4075 1162 4121 17.
1176 4069 1277 4120 Palladii
1287 4071 1414 4132 rotumam
1427 4071 1532 4122 nuntio
1543 4072 1576 4122 de
1592 4071 1690 4123 indiset
1704 4074 1838 4124 Brachma-

221 4145 267 4196 nis.
276 4173 306 4187 -
322 4151 358 4194 ts.
371 4143 489 4205 anonymi
503 4143 629 4205 periegesis
641 4142 707 4195 orbis
718 4144 846 4202 tentum,
859 4141 962 4190 barbaro
972 4141 1037 4204 stylo
1050 4154 1083 4192 ea
1100 4144 1186 4192 oraru
1198 4142 1223 4190 in
1235 4142 1347 4191 tatinum
1359 4155 1482 4192 conversa.
1497 4169 1529 4180 -
1543 4147 1581 4193 19.
1599 4143 1700 4194 Gemini
1713 4144 1839 4197 Pietbonis

222 4215 358 4265 emendatio
369 4225 479 4264 errorum
490 4213 584 4280 aliquot
598 4212 731 4264 Strabonis.
746 4241 778 4256 -
798 4219 837 4262 11).
853 4211 978 4263 §babonis
991 4214 1111 4275 Ερίιοιοο.
1133 4241 1164 4258 -
1179 4215 1244 4263 i’sss
1258 4225 1387 4262 swanus:
1404 4221 1424 4263 1.
1439 4214 1551 4275 Ηοογοπῢ
1563 4217 1593 4263 r.
1617 4213 1719 4264 ttinstrts
1733 4216 1839 4278 origines

222 4287 500 4350 munnunopottuae.
522 4315 553 4326 -
569 4291 592 4336 1.
613 4284 699 4335 codini
712 4285 877 4348 annuntiatas.
899 4309 929 4320 -
942 4287 966 4334 ³.
986 4283 1111 4345 anonymi
1132 4283 1243 4333 mttectio
1261 4281 1435 4344 uuqututun
1457 4285 1594 4342 consum,
1619 4295 1634 4332 e
1648 4296 1693 4332 ms.
1710 4285 1791 4348 ttegto.
1803 4313 1839 4324 -

223 4364 247 4411 t.
261 4359 326 4410 i‘anli
342 4357 468 4408 Silentiarii
483 4357 604 4420 euphrasii
617 4357 724 4408 natue
734 4360 759 4407 s.
777 4356 874 4420 Sophia
885 4355 996 4406 versibus
1008 4354 1111 4404 heroicis
1121 4353 1218 4414 naus.
1231 4378 1262 4390 -
1274 4360 1298 4403 s.
1310 4354 1437 4416 Faptirasts
1452 4353 1563 4403 ambonis
1577 4353 1685 4415 eisdem
1696 4355 1779 4419 tempti
1790 4370 1837 4406 so·-

223 4432 279 4482 ‹tnn
290 4431 389 4480 aunbre
403 4428 499 4478 Ιιοοοίοο
513 4429 621 4478 carnaim
630 4428 729 4490 scriptu.
745 4453 776 4464 -
790 4434 814 4477 u.
825 4426 889 4478 Petri
903 4425 967 4488 Gytii
977 4423 1108 4485 ascriptio
1117 4421 1185 4472 urbis
1200 4424 1382 4486 ὒοοοὴοιίοορ.
1393 4448 1424 4460 -
1437 4428 1461 4474 7.
1474 4426 1511 4473 De
1522 4424 1658 4485 regionibu
1670 4424 1738 4474 urbis
1749 4428 1797 4476 cP.
1809 4428 1840 4477 ti·

224 4501 309 4550 bettus.
333 4523 364 4535 ·-
376 4502 399 4548 s.
421 4499 559 4550 Emannetia
579 4489 732 4561 Otrrysoto'rae
745 4497 895 4560 comparatio
910 4495 999 4546 veteris
1013 4499 1039 4546 st
1050 4507 1120 4543 nore
1132 4496 1225 4542 nune.
1243 4497 1320 4555 atque
1335 4494 1387 4542 tine
1402 4495 1433 4544 de
1445 4495 1496 4557 ipsa
1513 4495 1582 4545 urba
1596 4496 1736 4556 sequuntur
1746 4497 1788 4559 qni
1804 4499 1840 4548 ae

148 4624 150 4627 .
223 4573 331 4634 imperio
343 4571 394 4622 GP.
406 4569 507 4633 eiusque
526 4571 655 4636 proviaciis
674 4571 789 4632 scdpsffl
803 4589 810 4620 ι
824 4598 855 4614 -
875 4573 900 4620 ⁹.
917 4565 1035 4618 Hieroclis
1052 4565 1207 4626 Συνίκόημος.
1225 4587 1258 4601 -
1271 4571 1309 4614 to.
1330 4565 1483 4616 οοοήοοῑίοἰ
1500 4564 1626 4616 menate
1638 4585 1670 4598 ·-
1691 4571 1729 4614 11.
1740 4568 1839 4617 ttotttire

223 4642 414 4704 episcopatuum.
430 4665 461 4676 -
476 4640 657 4704 subjungentur
681 4641 803 4692 mantissa
825 4642 879 4691 ioco
897 4637 956 4688 varii
968 4641 1080 4686 auctores
1094 4638 1138 4698 qut
1150 4635 1182 4686 de
1199 4636 1322 4684 mirscutts
1339 4636 1449 4685 tonorum
1463 4638 1588 4700 scripsere.
1602 4660 1634 4672 -
1650 4639 1837 4688 Panamara:

226 4720 248 4761 1.
265 4709 382 4760 Eusebius
394 4710 546 4762 candensis
557 4712 614 4774 tinet
623 4715 730 4762 τοπικῶν
742 4710 863 4774 ὀνομάτων
882 4716 929 4760 τῶν
947 4710 973 4760 ἐν
989 4713 1021 4771 τῇ
1029 4708 1081 4771 trie
1093 4715 1180 4772 γραφῇ.
1193 4715 1258 4757 -1,
1273 4707 1412 4769 Hieronymi
1426 4709 1486 4758 tiber
1496 4709 1527 4760 de
1538 4707 1678 4758 mminibus
1690 4710 1800 4759 iocorum
1812 4711 1839 4760 in

223 4785 248 4832 s.
266 4781 399 4844 Scriptura.
414 4807 446 4817 -
459 4787 480 4832 ³.
500 4780 573 4832 Bedre
584 4782 644 4832 tiber
658 4782 689 4834 (ie
701 4781 838 4832 nominibus
852 4781 960 4831 locontur
978 4779 1003 4828 in
1015 4781 1076 4828 actis
1089 4779 1268 4842 apostotorum.
1284 4805 1316 4820 -
1327 4782 1350 4827 1.
1366 4779 1476 4828 content
1488 4779 1589 4842 epistola
1601 4778 1633 4828 ad
1648 4781 1765 4828 Faustum
1779 4794 1838 4844 pre·

224 4851 348 4912 sbyterum
361 4849 493 4900 insularum
505 4853 538 4900 De
549 4851 596 4902 situ
606 4853 707 4904 iudea.
718 4871 771 4896 -.ν
786 4851 828 4902 ilis
839 4851 962 4908 adderem,
978 4849 1117 4900 Holstenius
1131 4850 1174 4910 sit,
1189 4849 1333 4909 adamnani,
1353 4849 1433 4911 beda,
1450 4851 1572 4911 Bocbani,
1587 4849 1712 4912 ttptplranti
1723 4852 1838 4901 monacbi

223 4927 248 4972 et
260 4922 361 4972 aiiomm
375 4921 540 4984 antiquiorum
552 4926 577 4972 et
589 4925 693 4974 metiorts
707 4927 772 4974 notu
783 4925 910 4974 auctorum
926 4921 1109 4984 inruptiones
1125 4923 1209 4971 Tenc
1222 4923 1340 4979 saarim·
1354 4921 1411 4970 item
1422 4921 1453 4972 de
1465 4925 1536 4974 terra
1547 4921 1665 4972 dirinone
1674 4923 1736 4972 inter
1748 4921 1839 4972 liberos

222 4996 273 5044 Noe
283 5007 311 5042 eit
325 4992 421 5042 Eusebii
434 4993 559 5042 chronicis
570 4999 595 5042 et
607 4994 726 5044 Chronico
737 4993 897 5043 alexandrino
911 4994 937 5042 et
947 4993 1043 5042 duobus
1053 4992 1159 5054 annonis
1169 4992 1249 5042 latinis
1262 4992 1438 5053 interpretibus
1450 5013 1462 5036 υ

254 5068 278 5114 t.
295 5063 471 5127 omrupbira
484 5067 604 5127 rubruc,
619 5063 665 5115 troc
674 5069 713 5116 ert
725 5080 733 5114 .·
748 5065 858 5127 &pineis
876 5065 998 5127 Periptur
1010 5067 1095 5114 naris
1108 5061 1302 5113 mediterranei.
1315 5065 1445 5125 Anonymi
1452 5064 1574 5126 periptur
1585 5063 1714 5114 meotidis
1727 5063 1838 5126 pctudts

223 5137 248 5182 et
260 5137 337 5184 Ponti
353 5137 461 5186 Euxini.
482 5135 644 5196 Apotbemeri
660 5139 831 5198 Hupotuposis
844 5136 1017 5198 peni-aptita.
1031 5139 1124 5187 Ourania
1139 5136 1336 5186 oram-taum.
1351 5139 1476 5197 annuerat
1493 5139 1629 5198 Expositis
1645 5139 1723 5186 totius
1740 5137 1838 5186 mundi

225 5205 320 5252 totino.
339 5205 402 5254 curu
423 5208 491 5254 notia
505 5207 590 5256 trunci
608 5209 694 5260 vossii,
708 5207 766 5256 Jcc.
782 5206 918 5266 Potniertt,
930 5209 1000 5256 saur.
1018 5205 1151 5266 nunniti,
1167 5205 1258 5255 edente
1268 5206 1362 5257 Jacobs
1378 5209 1601 5268 &reperiamini
1614 5206 1740 5258 madunt
1752 5219 1838 5256 emen·

225 5276 351 5326 cationes.
368 5274 485 5336 1119111111
499 5277 660 5325 Batauorum
672 5275 745 5338 apud
755 5275 904 5326 lordonum
919 5277 1087 5335 tacitarum,
1106 5283 1173 5329 totit-
1184 5278 1217 5327 ⁴⁰.
