3950 5925
166 396 264 473 μιν.)
788 404 899 465 omis
920 406 1162 471 nesnmeno.

114 512 117 517 ’
465 544 651 624 [Am]
1305 560 1477 643 [rsit]

218 701 271 761 Τόν
282 700 395 775 Τάναϊν,
406 700 476 769 ὅστις
488 704 543 761 ἐστὶ
555 708 601 775 τῆς
616 704 702 771 Ἀσίας
713 706 783 787 ὅρος,
996 723 1108 787 Tanain,
1119 742 1164 795 qur
1178 726 1245 778 Asire
1255 727 1383 779 terminus
1394 738 1447 792 est,

164 810 203 849 trs
217 786 318 865 τάμνων
330 810 360 864 γι
373 787 420 859 τὴν
430 788 539 867 ἤπειρον
549 792 675 871 ἑκατέραν
691 794 768 871 δίχα,
995 826 1084 861 secans
1093 821 1233 881 utramque
1244 815 1421 867 continentem
1432 816 1566 881 bifariam,

217 880 316 955 πρῶτοι
328 874 449 949 νέμονται
465 878 622 956 Σαρμάται,
637 880 752 959 δισχίλια
822 892 824 897 ’
994 896 1072 964 primi
1084 897 1205 953 accolunt
1218 902 1351 965 Sarmatas,
1371 902 1411 953 bis
1424 904 1493 957 mille

216 964 300 1022 στάδι’
314 963 461 1043 ἐπέχοντες.
994 983 1077 1037 stadia
1088 985 1244 1039 obtinentes.

217 1043 285 1111 Εἶτα
300 1054 368 1129 μετὰ
381 1050 487 1121 τούτους
499 1053 554 1111 ἐστὶ
569 1056 704 1115 Maeoniis
718 1058 790 1135 γένος
994 1068 1056 1121 Post
1067 1070 1115 1122 hos
1125 1074 1243 1142 sequitur
1253 1092 1315 1143 gens
1325 1078 1444 1131 Maeotim

216 1138 385 1217 Ἰαζαματῶν
395 1140 547 1219 λεγόμενον,
563 1146 598 1208 ὡς
612 1144 763 1223 Δημήτριος
993 1155 1183 1209 laramatarum
1197 1158 1276 1225 dieta,
1292 1173 1321 1214 ut
1335 1166 1484 1217 Demetrius
1548 1200 1552 1208 ·

162 1248 203 1287 nno
221 1226 255 1308 [l
273 1227 435 1309 συγγραφεύς
449 1227 458 1309 ]
475 1228 587 1308 εἴρηκεν,
604 1235 640 1298 ὡς
649 1233 672 1289 δ’
686 1230 800 1314 'Epopea
815 1234 884 1311 λέγει
993 1244 1110 1315 scriptor
1120 1246 1247 1316 prodidit,
1260 1259 1290 1301 ut
1304 1268 1367 1303 vero
1377 1252 1500 1323 Ephorus
1509 1254 1583 1317 dicit,

217 1318 399 1395 Σαυροματῶν
412 1316 516 1393 λέγεται
529 1317 609 1385 ἔθνος.
993 1331 1206 1384 Sauromatarum
1218 1351 1314 1387 nomen
1329 1336 1391 1389 huie
1403 1340 1472 1405 genti
1482 1350 1529 1391 est.

216 1403 325 1470 Τούτοις
338 1404 511 1483 όιτιμεμόχθαι
520 1406 547 1465 δὲ
559 1406 607 1473 τὰς
618 1406 760 1483 Ἀμαζόνας
993 1418 1041 1468 llis
1050 1427 1138 1470 autem
1152 1420 1312 1472 sauromatis
1323 1424 1417 1475 mixtas
1431 1424 1511 1475 luisse

219 1492 271 1558 τοῖς
284 1492 471 1573 Σαυρομάταις
481 1492 599 1571 λέγουσιν
610 1494 733 1563 ἐλθούσας
745 1498 809 1556 ποτά
993 1510 1139 1559 Amazones
1150 1507 1253 1573 dieunt,
1267 1526 1326 1579 quae
1337 1511 1550 1563 huedevenerint

217 1578 269 1637 άπὸ
280 1583 327 1649 τῆς
338 1580 398 1660 περὶ
409 1580 587 1659 Θερμώδοντα
601 1582 741 1659 γενομένης
751 1586 855 1663 μάχης,
992 1594 1055 1646 olim
1065 1606 1125 1665 post
1135 1598 1305 1649 commissum
1314 1598 1347 1651 ad
1356 1599 1582 1651 'lhermodontem
1595 1600 1715 1671 proelium
1726 1621 1733 1665 ;

159 1688 198 1723 sss
223 1666 262 1746 αρ’
275 1658 311 1735 οἷς
323 1667 505 1741 ἐσεκλήθησαν
518 1672 540 1729 Γ
540 1671 813 1750 υναικοκρατούμτνοι.
992 1680 1064 1733 unde
1075 1682 1251 1749 cognominati
1263 1694 1324 1737 sunt
1333 1686 1605 1755 Gynaeeoeratumeni.

520 1784 595 1797 fi*-

1349 1804 1427 1815 ..-

218 1832 274 1902 Εἶτ’
285 1840 353 1901 ἔστιν
364 1840 543 1923 Ἑρμόιναοσα
559 1844 729 1924 Φαναγόριιά
744 1870 786 1917 τι,
992 1856 1095 1909 Deinde
1104 1859 1277 1913 Hermonassa
1290 1871 1329 1912 est
1344 1872 1369 1912 et
1383 1862 1558 1930 Phanagoria,

216 1930 247 2001 ἣν
260 1925 357 2003 Τηΐους
367 1930 485 2005 λέγουσιν
500 1932 597 1991 οἰκόσαι
611 1932 689 2005 ποτέ,
992 1960 1071 2012 quam
1080 1944 1158 2013 Tejos
1171 1945 1264 1998 dicunt
1276 1945 1425 1999 condidisse
1436 1948 1587 2017 quondam,

216 2016 262 2075 καὶ
272 2018 390 2085 Σινδικὸς
405 2018 493 2095 λιμὴν,
505 2019 572 2098 ἔχων
584 2021 720 2099 οἰκήτορας
993 2041 1019 2080 et
1028 2030 1148 2083 Sindieus
1159 2041 1260 2100 portus,
1272 2034 1378 2085 Graecos
1389 2033 1488 2085 hahens

217 2104 351 2178 Ἕλληνας
364 2105 416 2163 ἀπὸ
427 2110 478 2165 τῶν
489 2106 564 2184 ἐγγύς
577 2107 688 2179 ἥκοντας
696 2110 795 2169 τόπων.
992 2115 1098 2179 incolas,
1111 2118 1157 2185 qui
1167 2135 1199 2168 ex
1209 2118 1301 2169 vicinis
1312 2136 1344 2169 eo
1354 2130 1483 2171 venerunt
1491 2120 1564 2171 locis.

163 2214 206 2253 sto
220 2190 326 2259 Ταύτας
338 2193 454 2273 πτριύρει
468 2192 514 2260 τός
526 2194 612 2261 πόλεις
625 2196 790 2271 διακειμένας
992 2203 1045 2253 Has
1057 2204 1174 2254 eontinet
1183 2203 1299 2255 civitates
1309 2203 1353 2255 hic
1366 2204 1419 2255 illie
1431 2206 1493 2257 sitas

216 2284 301 2353 νῆσος,
312 2279 381 2338 κατόι
393 2278 441 2351 τὴν
456 2285 576 2341 Μαιῶτιν
587 2282 701 2361 ἅχριτοῗι
714 2283 848 2363 Βοσπόρου
991 2288 1138 2357 peninsula,
1148 2286 1225 2356 juxta
1233 2290 1353 2341 Moeotim
1367 2289 1493 2358 usquead
1503 2292 1660 2359 Bosporum,

218 2366 306 2446 χώραν
323 2368 550 2445 άπολαμθάνουσα
562 2372 662 2441 πολλὴν
677 2372 805 2446 πεδιάδα,
992 2384 1089 2425 terrem
1101 2374 1242 2425 absumens
1250 2374 1360 2429 mtdtam
1369 2386 1558 2445 campestrem,

180 2524 185 2535 Ι
217 2452 274 2523 ἥτις
287 2452 320 2510 τό
333 2453 380 2531 μὲν
392 2463 444 2521 τοῖς
456 2454 527 2512 όλτσι
536 2455 582 2514 καὶ
594 2464 647 2522 τοῖς
658 2458 795 2534 ποταμίοις
990 2477 1049 2527 quae
1062 2460 1158 2530 partim
1171 2459 1311 2529 paludibus
1319 2470 1345 2511 et
1354 2460 1515 2513 lluviuseulis
1541 2469 1554 2496 ⁴

216 2540 357 2607 ἇδιάόατος
369 2550 421 2610 ταῖς
432 2542 567 2617 τινάγεοίν
582 2546 605 2600 τ’
618 2547 645 2602 ἐν
659 2549 696 2625 τῷ
708 2546 802 2623 πέραν,
990 2547 1117 2615 impervia
1131 2545 1200 2597 litae
1213 2544 1285 2597 vadis
1294 2562 1354 2614 quas
1369 2548 1468 2599 suntin
1480 2547 1604 2599 ulteriore
1614 2558 1712 2612 tractu,

163 2650 203 2688 stt
218 2628 235 2686 ἃ
247 2626 273 2686 δὲ
284 2632 317 2706 τῇ
330 2628 447 2706 θαλάττῃ
462 2634 494 2708 τῇ
509 2654 536 2688 τε
551 2631 630 2711 λίμνῃ
641 2631 750 2709 γίνεται,
989 2633 1085 2701 partim
1096 2631 1131 2683 ob
1143 2642 1251 2684 marest
1267 2632 1390 2703 paludem
1402 2634 1522 2686 Moerin.

217 2716 257 2777 'tl
268 2716 294 2774 δὲ
308 2714 383 2793 στόμ’
399 2719 534 2777 ἐκπλέοντι
551 2718 682 2797 Κιμμερλς
699 2720 788 2791 πόλις,
990 2720 1141 2789 Egredienti
1152 2732 1239 2772 autem
1252 2739 1281 2771 os
1290 2723 1400 2790 Bospori
1410 2723 1549 2774 Cimmeris
1563 2722 1625 2773 urbs

161 2882 223 2951 874.
233 2880 281 2933 Tor
290 2881 411 2936 δὲΤάναιν
419 2884 541 2951 ποταμὸν,
552 2884 578 2944 tr
588 2883 778 2950 ἑοτιτῆςιλσόας
786 2887 841 2955 όρος
850 2888 945 2955 τέμνων
992 2917 1028 2925 —
1042 2888 1168 2955 886·899.
1187 2892 1282 2939 Anam.
1295 2907 1326 2958 p.
1343 2890 1421 2951 stt,
1430 2906 1462 2959 p.
1478 2893 1566 2957 207,l,
1584 2890 1655 2941 Gnil.
1670 2892 1731 2942 llarc
1745 2891 1779 2945 ab

160 2957 205 3025 τὴν
219 2956 317 3031 ἤπειρον
337 2967 445 3028 Αιιοαι.;
465 2965 492 3016 in
506 2963 638 3028 ordinem,
661 2983 740 3034 quem
758 2983 837 3036 supra
850 2964 951 3030 habes,
990 2965 1204 3018 antecedentibus
1213 2967 1317 3018 nonnisi
1327 2966 1398 3017 hisce
1407 2979 1577 3037 separantur:
1592 2969 1655 3021 Εἶτα
1666 2969 1717 3022 ἔστι
1727 2972 1778 3024 ¹1¹³>

160 3037 260 3108 redegit
273 3041 429 3094 llleinelius.
456 3045 466 3111 ΙΙ
482 3073 520 3082 -
537 3043 598 3113 875.
616 3042 717 3114 ἑκάτερα
733 3048 797 3109 An.;
818 3061 870 3096 em.
884 3046 947 3097 Hol-
991 3046 1097 3114 ναγόρου
1111 3045 1197 3108 πόλις,
1219 3045 1298 3110 Κῆποι
1318 3045 1401 3108 πόλις,
1416 3063 1478 3097 cum
1502 3045 1598 3114 quibus
1616 3045 1650 3098 es.
1676 3049 1776 3118 Scylac.

159 3127 227 3171 sten.
243 3117 946 3191 {1-877.lslgorrallnqemMein.11-878.Ano·
991 3125 1006 3189 S
1029 3140 1072 3190 7²·
1099 3125 1109 3191 ll
1135 3154 1171 3164 —
1191 3125 1252 3174 886.
1273 3125 1448 3175 Hermonassa
1468 3141 1483 3175 a
1504 3125 1619 3194 Seymno
1640 3122 1778 3196 Ἱίρμώνεια

160 3213 255 3266 nymus
270 3215 276 3250 ε
288 3195 353 3250 Εἶτα
367 3197 428 3269 perir
440 3201 495 3261 τους
508 3200 636 3270 Σαρμάταις
647 3201 769 3254 Μαιωτῶν
783 3203 852 3272 γένος
870 3200 948 3262 Ἰαζα-
990 3201 1137 3266 dicebatur,
1150 3212 1215 3253 teste
1226 3202 1358 3272 Stephano
1371 3220 1396 3253 r.
1414 3199 1586 3271 Ἑρμώνασσα.
1600 3204 1679 3270 Quod
1693 3224 1777 3262 unum

161 3282 246 3344 ματῶν
258 3276 406 3348 λεγόμενον,
432 3278 465 3340 ὡς
487 3280 625 3350 Δημήτριος
648 3279 743 3349 εἴρηκεν
766 3280 775 3351 (
796 3280 831 3350 ἐρ’
852 3279 888 3341 οἷς
906 3281 947 3332 καὶ
990 3290 1029 3331 est
1041 3299 1074 3333 ex
1087 3280 1194 3350 reliquis
1208 3278 1322 3344 indiciis,
1335 3291 1423 3332 nostra
1435 3282 1678 3351 nonesseScymno
1692 3285 1777 3337 vindi-

159 3351 268 3416 Μαιῶτις
279 3355 355 3427 λίμνη
367 3357 475 3428 λέγεται.
491 3360 549 3411 Ηοο
570 3358 623 3428 jam
639 3359 752 3412 vidimus
766 3362 793 3411 in
810 3369 911 3412 antece.
923 3359 945 3430 ),
991 3357 1083 3412 canda.
1094 3360 1217 3411 Ceterum
1227 3359 1294 3411 ordo
1308 3358 1497 3429 geographicus
1508 3359 1638 3427 neglectus
1648 3370 1700 3425 est;
1716 3381 1776 3416 nam

158 3433 228 3494 ὡςδὲ
243 3433 348 3506 Ἴνρορος
363 3435 447 3505 λέγει,
462 3436 627 3507 Σαυροματῶν
643 3437 742 3506 λέγεται
758 3435 834 3500 ἔθνος.
853 3461 863 3486 ι
879 3441 945 3506 Qui·
991 3437 1166 3488 Hermonassa
1186 3447 1260 3489 extra
1279 3439 1426 3507 Bosporum
1445 3437 1495 3489 sita
1514 3448 1573 3507 post
1585 3438 1775 3506 Phanagoriarn

159 3509 209 3566 bus
224 3513 251 3566 in
273 3513 358 3565 verbis
378 3513 499 3583 quaedam
518 3517 623 3585 Scymni
641 3517 724 3567 inesse
737 3534 814 3568 nemo
826 3515 944 3584 negabit,
990 3515 1150 3568 reeensenda
1159 3525 1224 3567 erat.
1237 3516 1247 3583 ll
1260 3546 1295 3555 —
1306 3515 1452 3584 Φανογορόα
1461 3513 1534 3578 ood.;
1543 3533 1595 3567 em.
1605 3517 1774 3572 Letronnius.

161 3593 206 3644 sed
221 3592 357 3664 complura
372 3592 471 3656 addita,
489 3604 515 3646 et
529 3597 634 3665 Scymni
650 3596 796 3647 orationem
810 3595 876 3646 male
895 3594 946 3647 dis-
991 3595 1031 3645 De
1044 3614 1072 3646 re
1093 3594 1127 3646 cl.
1142 3604 1198 3647 not.
1209 3593 1242 3646 ad
1254 3594 1352 3664 Scylae.
1368 3597 1438 3662 §72
1456 3595 1468 3661 ll
1481 3623 1516 3632 -
1526 3596 1588 3662 887.
1601 3593 1698 3660 οἰκῆσαι
1710 3603 1774 3664 Λιπς

159 3682 269 3724 tractam
290 3691 345 3726 esse
365 3684 481 3744 apparet.
498 3699 509 3718 ι
531 3675 593 3726 Haec
613 3673 681 3726 bene
704 3673 837 3726 Fabricius
859 3675 944 3726 Lectt.
990 3671 1185 3726 em.hleineke.
1200 3673 1329 3740 ll-Bpr.
1343 3671 1581 3738 ἥνῆσοςλιιςοιιι.
1595 3675 1687 3738 Μυίας
1700 3679 1775 3740 νῆσον

158 3752 266 3821 Seymn.
280 3771 307 3824 p.
326 3757 357 3804 16
374 3763 471 3804 monet.
493 3759 648 3823 Anonymus
660 3771 743 3824 quum
758 3771 773 3806 e
795 3753 835 3804 sui
850 3751 946 3823 Peripli
991 3750 1055 3803 dicit
1067 3751 1262 3804 chersonesum.
1276 3755 1342 3818 Qnse
1354 3760 1501 3820 sequuntur
1513 3751 1571 3820 ἄχρι
1588 3754 1631 3801 τοῦ
1650 3752 1776 3825 Βοσπόρου

159 3831 261 3882 ratione
274 3849 290 3884 a
301 3832 411 3902 Bospori
428 3832 507 3884 latere
521 3833 636 3884 Asiatico
653 3831 686 3884 ad
699 3833 810 3884 Tanaim
823 3831 945 3901 progredi
991 3848 1051 3882 cum
1068 3841 1168 3881 antece.
1191 3828 1258 3881 male
1280 3827 1427 3899 quadrant,
1445 3847 1528 3899 quum
1548 3829 1668 3882 Sindieus
1684 3845 1776 3903 portus

158 3905 281 3974 deberet,
302 3908 395 3962 ordine
416 3911 519 3962 inverso
539 3928 555 3963 a
572 3911 654 3964 Tanai
671 3912 705 3964 ad
727 3912 824 3964 ostium
835 3911 944 3980 Bospori
986 3907 1042 3976 jam
1065 3920 1138 3960 extra
1151 3910 1298 3978 Bosporum
1312 3908 1377 3959 situs
1390 3909 1437 3971 sit,
1453 3918 1479 3960 et
1495 3909 1658 3977 Phanagoria
1672 3912 1699 3962 io
1719 3913 1775 3983 ipso

158 3989 252 4056 pergit.
267 3989 336 4040 Hinc
352 3990 413 4041 satis
432 3989 512 4059 liquet
530 3990 621 4042 inferri
641 3988 747 4043 aliunde
760 4000 877 4060 arrepta,
891 4007 944 4042 non
990 3989 1109 4056 Bosporo
1123 3987 1209 4038 locum
1223 3986 1326 4039 habeat.
1344 3988 1411 4040 Tota
1428 3987 1505 4058 hujus
1524 3997 1622 4040 tractus
1634 3987 1776 4061 descriptio

158 4084 191 4116 ex
201 4084 254 4118 ιιιιο
264 4076 350 4119 temen
360 4066 506 4136 eodemque
514 4080 621 4121 auctore
629 4067 811 4122 haecdesumta
820 4087 875 4120 esse
884 4068 945 4121 inde
991 4065 1134 4118 admodum
1147 4064 1256 4117 confusa
1267 4076 1316 4117 est.
1332 4066 1342 4134 ll
1359 4097 1394 4106 -
1404 4068 1466 4134 893.
1479 4069 1531 4127 τοῖς
1540 4069 1660 4137 ποταμοῖς
1673 4072 1773 4132 ,θοοιις

157 4155 230 4213 patet
246 4144 317 4215 quod
334 4145 438 4198 easdem
452 4147 540 4210 urbes,
555 4147 745 4214 Phanagoriam
760 4147 892 4217 etCepos,
906 4147 945 4200 bis
990 4163 1043 4198 em.
1067 4144 1195 4198 bleineke.
1223 4146 1383 4198 letronnius
1401 4145 1509 4198 dederat
1529 4148 1581 4206 τοῖς
1596 4165 1622 4199 τε
1643 4153 1773 4218 ποταμοῖς,

157 4233 276 4275 recenset
289 4221 398 4275 diversis
422 4225 560 4276 nominum
580 4224 681 4278 formis.
702 4225 774 4278 Alter
791 4225 849 4278 lons
864 4229 945 4294 poeti·
991 4224 1062 4294 quod
1073 4225 1108 4276 ob
1123 4224 1250 4290 neglectas
1262 4223 1329 4292 leges
1344 4242 1516 4277 numerorum
1532 4225 1720 4293 elegantiorum
1734 4247 1773 4280 re·

158 4319 206 4353 cus
220 4312 308 4354 noster
322 4312 387 4366 erat,
407 4301 471 4354 alter
484 4305 618 4372 prosaicus
630 4303 753 4374 idemque
766 4323 781 4356 e
795 4321 848 4372 quo
862 4305 946 4374 Scyla-
990 4302 1060 4369 spuit
1069 4302 1229 4366 bleinelsius,
1238 4307 1314 4354 'suam
1326 4322 1387 4355 vero
1396 4302 1572 4373 conjecturam
1582 4305 1661 4356 etiam
1675 4317 1775 4371 nature

159 4382 197 4432 cis
208 4399 287 4450 quem
302 4380 428 4433 habemus
445 4380 562 4453 Periplus
575 4377 771 4453 excerptusest.
792 4387 946 4454 Quaesupm
991 4377 1110 4432 locorum
1121 4383 1230 4432 istorum
1238 4392 1438 4434 consentaneam
1446 4402 1500 4435 esse
1512 4393 1615 4446 monet,
1626 4401 1708 4453 quum
1719 4405 1773 4438 non

158 4460 327 4514 exhibuimus
346 4461 481 4513 constituit
502 4461 665 4526 Memphim,
680 4462 725 4530 qui
745 4472 771 4514 et
793 4463 847 4531 ipse
859 4473 945 4516 tamen
991 4457 1076 4509 lluviis
1088 4458 1133 4510 secl
1145 4459 1304 4511 lluriusculis
1315 4471 1384 4512 totus
1395 4460 1436 4512 ille
1448 4471 1544 4513 tractus
1556 4461 1700 4514 scindatur.
1717 4465 1728 4532 11
1738 4496 1773 4505 -

159 4539 251 4592 ultima
260 4539 365 4608 reliquit
386 4540 492 4592 intacta.
511 4541 521 4608 ΙΙ
540 4569 577 4578 -
592 4542 654 4608 879.
672 4537 807 4591 Editiones
826 4537 887 4592 inde
912 4541 946 4594 ab
991 4539 1053 4605 894.
1068 4539 1181 4606 τενάγεοό
1198 4557 1224 4591 τε
1236 4541 1288 4599 τοῖς
1304 4539 1329 4592 ἐν
1348 4545 1383 4610 τῷ
1394 4539 1454 4591 cod.
1471 4543 1535 4603 λος
1549 4557 1601 4592 cm.
1615 4543 1695 4593 blein.
1716 4545 1726 4611 ΙΙ
1738 4574 1774 4584 —

158 4617 289 4670 Hudsono
298 4617 415 4688 praebent
430 4615 591 4688 Ἰαξαματῶν.
602 4615 683 4687 Cujus
695 4617 847 4670 mutationis
859 4636 945 4670 neccs-
991 4616 1053 4684 895.
1070 4617 1178 4689 θαλάττῃ
1196 4623 1227 4688 τῇ
1236 4618 1312 4690 λίμνῃ
1328 4638 1354 4670 τε
1371 4621 1479 4681 Λιιοιιι.;
1496 4637 1547 4669 ern.
1569 4621 1695 4672 Letronn.
1711 4622 1720 4690 ΙΙ
1738 4653 1773 4664 -

158 4695 261 4748 sitalem
286 4713 341 4747 non
362 4694 447 4750 video.
473 4696 515 4749 Cl.
535 4697 659 4767 Stephon.
678 4698 762 4766 Bymz
789 4693 941 4760 Ἰαζαθάται,
991 4699 1052 4763 896.
1063 4699 1116 4764 Qui
1126 4708 1272 4767 sequuntur
1285 4716 1373 4749 sersus
1388 4708 1439 4749 tres
1452 4697 1602 4750 Ilolstcnius
1616 4717 1676 4752 cum
1688 4719 1772 4770 eoque

159 4771 299 4842 όθνοςπαρὰ
308 4773 428 4838 Μαιῶτιν,
443 4775 482 4834 οὓς
492 4773 650 4844 Σαυρομάτας
657 4773 729 4843 φησὶν
744 4773 857 4844 Ἐρορος.
871 4775 944 4829 Adeo
989 4775 1081 4845 reliqui
1099 4776 1213 4829 editores
1231 4788 1410 4829 anteversum
1427 4780 1478 4830 886
1498 4788 1728 4848 transposuerunt;
1745 4781 1770 4832 irl

159 4861 204 4916 ut,
220 4851 320 4920 siquid
335 4851 508 4916 mutandum,
533 4851 681 4914 Ἰαζαθατῶν
697 4850 815 4905 videatur
830 4853 944 4906 scriben-
988 4855 1058 4905 enim
1071 4855 1138 4906 ordo
1151 4855 1338 4926 geograplricus
1348 4855 1479 4925 postulare
1491 4855 1638 4922 videbatur,
1651 4857 1771 4927 quando-

158 4929 233 4982 dum.
250 4929 363 4984 Eosdem
374 4933 509 4984 Hecataeus
521 4941 596 4984 vocat
615 4929 740 4994 Ἰξιόάτας,
755 4931 822 4984 blela
835 4935 856 4996 l,
877 4949 899 4995 ι,
912 4951 942 5002 19
988 4931 1095 5002 quidem
1107 4936 1278 4987 Cimmerium
1294 4932 1327 4986 ad
1343 4933 1448 4986 horeale
1459 4936 1569 5005 Bospori
1581 4936 1677 4988 ostium
1691 4938 1771 4990 situm

160 5012 310 5072 Ixnmntns,
319 5009 456 5080 Polyaenus
467 5010 586 5074 V111,55
602 5008 736 5080 Ἰξομάτας,
745 5011 865 5063 Valerius
875 5011 944 5065 llae-
988 5011 1066 5062 fuisse
1079 5011 1156 5064 tradit
1168 5011 1236 5064 Mela
1250 5015 1272 5074 1,
1287 5029 1313 5075 a,
1328 5029 1359 5080 19
1375 5028 1381 5064 :
1398 5012 1468 5084 opi,
1481 5014 1659 5080 lenngorin,
1675 5013 1772 5087 inipso

159 5106 206 5140 cus
218 5089 338 5156 Argvt,
354 5090 401 5151 143
410 5093 566 5151 Ιόαοιηιιιαο,
580 5089 679 5142 Plinius
688 5091 737 5151 111,
750 5089 940 5156 Slnrmrrntos,
986 5109 1030 5142 ore
1044 5090 1216 5152 cinnamum,
1231 5101 1257 5143 et
1272 5091 1371 5144 Plinius
1389 5093 1438 5155 Vl,
1456 5096 1471 5143 6
1489 5109 1495 5144 :
1517 5096 1549 5145 In
1567 5091 1644 5145 aditu
1662 5097 1772 5164 Bospori

160 5169 275 5236 itemque
288 5167 420 5220 Ptolcmaei
437 5170 500 5232 V,8
516 5188 541 5239 p.
558 5169 619 5232 348,
634 5186 668 5238 ²7
682 5168 785 5226 codices
798 5169 912 5240 plurimi.
928 5172 938 5238 ΙΙ
983 5170 1072 5242 primo
1082 5173 1266 5232 Hermonassa,
1283 5170 1342 5222 driu
1359 5171 1418 5242 (cpi
1436 5171 1607 5234 Milesiorum,
1622 5191 1682 5223 mor
1699 5179 1770 5224 Stra-

159 5276 195 5286 -
206 5249 254 5300 882
266 5265 304 5318 sq.
320 5249 386 5300 Fuso
398 5265 452 5300 rcm
464 5260 550 5301 narrat
567 5248 715 5302 llcrodotus
724 5251 771 5313 lV,
793 5267 799 5300 ι
810 5267 840 5304 ιο
852 5268 908 5320 sqq.
929 5254 938 5318 l!
988 5251 1068 5302 metm
1078 5264 1101 5302 rt
1115 5250 1279 5316 l’lmnngnrin
1292 5264 1315 5300 rr
1323 5271 1395 5322 [mm
1406 5237 1532 5304 dcsrrtmir
1548 5256 1690 5324 Apuanos,
1705 5251 1768 5303 nlti-
