3950 5925
653 397 901 462 srhnttsttus-
917 402 1037 463 tttssts
1059 404 1198 465 Manat.
1674 417 1733 469 aba

119 532 155 596 εἰς
170 528 299 609 Κέρκιναν
318 529 358 562 **·
377 528 445 593 κατὰ
461 528 533 607 [τὴν
545 530 557 608 ]
567 526 642 587 πόλιν
652 527 741 609 βρόχη
756 530 812 589 lori
825 532 905 611 φορό-
949 542 1086 596 Cercinam
1100 540 1191 594 eraclia
1200 544 1218 593 ¹.
1258 544 1398 611 Eragione
1413 541 1485 596 urbis
1495 542 1583 597 brevia
1598 554 1668 609 sunt,
1679 564 1737 615 qua·

121 639 187 692 μενα
201 616 265 695 πρὸς
276 614 425 687 τὴνπόλιν.
467 616 533 676 Ἀπὸ
546 615 673 696 Κερκίνης
683 619 719 684 εἰς
732 618 826 699 Θόψον
840 619 905 677 aad·
950 646 1039 680 versus
1057 628 1149 681 urbem
1162 628 1286 682 tendunt.
1324 630 1471 683 ACercina
1484 630 1516 683 ad
1529 632 1666 703 Thapsum
1675 644 1737 685 sunt

120 703 170 760 διαι
180 703 219 783 ψ
229 701 284 781 ἔχει
295 703 323 762 dl
334 706 413 775 νῆσον
427 702 820 782 καλὴν,πελαγίαν,κειριίνην
834 704 904 764 κατὰ
950 715 1034 767 stadia
1048 732 1108 784 yon.
1146 714 1232 769 Habet
1246 716 1357 769 insulam
1371 717 1500 788 pulcram,
1514 718 1644 789 inpehgo
1660 720 1736 772 sitam

119 790 214 867 Θάψον
234 790 299 869 πρὸς
320 796 430 872 βορρᾶν,
452 790 606 871 ἀπέχουσαν
624 792 745 860 σταδίους
757 794 795 851 π’·
810 794 907 874 ἔχειδὲ
950 819 967 853 e
992 801 1099 869 regione
1122 801 1220 872 Thapsi
1239 818 1329 855 versus
1351 802 1457 855 boream
1478 804 1615 861 intervallo
1641 804 1738 857 stadio·

94 876 362 959 νλιμένακαὶῦδωρ.
406 870 491 940 Abrae
501 882 528 937 al
542 882 616 949 νῆοοι
627 880 778 959 περιέχουσι
791 880 821 939 τὸ
834 881 905 942 'lxd-
951 904 1013 939 nam
1028 890 1071 941 eo.
1109 890 1220 941 Portum
1230 888 1310 941 babet
1323 899 1349 942 et
1361 907 1465 960 aquam.
1503 892 1550 943 11ae
1562 892 1651 945 insule
1666 910 1737 948 eota·

122 986 176 1041 ριον
190 962 312 1042 πέλαγος.
952 971 1103 1041 plectuntur
1120 974 1282 1027 Cercinaeum
1297 973 1473 1045 (Κιρκιναῒον)
1486 977 1600 1046 pelagus.

370 1118 496 1166 houton
514 1120 666 1165 cotulas.
1132 1134 1293 1187 saoutrua
1314 1134 1410 1179 nuato
1432 1136 1559 1181 suntet.

163 1268 211 1310 tta.
231 1248 296 1309 Ἀπὸ
307 1250 404 1331 Θάψον
418 1254 454 1319 εἰς
466 1252 566 1312 Λέπτιν
575 1250 625 1323 τὴν
639 1252 736 1331 μικρὰν
750 1250 850 1309 στάδιοι
864 1250 909 1330 ρο’·
993 1256 1051 1307 ιι3.
1073 1255 1211 1326 AThapso
1222 1256 1256 1309 ad
1266 1258 1359 1327 Iaeptin
1369 1258 1498 1310 minorem
1509 1257 1591 1313 stadia
1602 1276 1664 1332 ¹7⁰³
1678 1260 1740 1312 urbs

124 1334 198 1404 ποἍις
212 1337 295 1417 μικροί
312 1340 378 1397 ἐστι·
391 1343 532 1420 καταφανῆ
547 1340 603 1417 ἔχει
618 1338 716 1417 βρόχη·
732 1337 777 1396 καὶ
795 1343 812 1409 ἡ
827 1360 909 1395 κατα·
954 1358 1034 1411 parve
1052 1351 1106 1405 est;
1127 1343 1269 1411 conspicua
1290 1342 1369 1395 habet
1391 1340 1493 1405 brevia„
1517 1355 1544 1397 et
1561 1345 1683 1417 appulsus
1705 1344 1739 1397 ad

124 1423 198 1502 γνιγό
209 1428 279 1484 ἔστιν
291 1424 335 1482 ἐπὶ
349 1430 382 1504 τῇ
397 1425 472 1484 πόλει
486 1426 609 1491 δύσκολος
622 1424 703 1486 πάνυ.
955 1426 1049 1479 urbem
1060 1436 1099 1478 ast
1109 1425 1253 1478 admodum
1262 1426 1385 1479 difficilis.

7 1529 12 1535 ⁴
86 1527 112 1567 10
167 1528 216 1572 tta.
238 1510 302 1571 ’Arria
327 1510 450 1579 Δόπττως
473 1513 509 1579 εἷς
530 1509 639 1591 Θιρμᾶς
657 1510 756 1569 στάδιοι
777 1509 805 1579 ξ’·
831 1511 910 1588 κώμη
994 1517 1053 1576 114.
1074 1513 1189 1583 ALepti
1201 1513 1234 1566 ad
1245 1513 1372 1567 Thermas
1384 1513 1467 1567 stadia
1482 1520 1530 1581 603
1545 1516 1618 1570 vicus
1631 1526 1670 1599 est
1679 1541 1686 1581 i
1704 1514 1741 1569 ibi

52 1654 57 1664 ,
125 1598 189 1655 ἐστί·
202 1597 247 1656 τὸν
265 1600 290 1657 δ’
295 1598 378 1656 ἀὐτὸν
388 1600 484 1679 τρόπον
498 1598 543 1657 καὶ
552 1590 603 1657 ὦδε
616 1598 704 1679 βρόχη
717 1599 773 1657 ἐστὶ
788 1600 908 1658 δυσκατ-
957 1614 1066 1669 quoque
1079 1598 1205 1652 brevibus
1216 1598 1331 1653 eundem
1344 1601 1370 1653 in
1383 1599 1494 1657 modum
1506 1601 1628 1674 appulsus
1642 1620 1741 1675 praepe·

124 1685 146 1742 o'.
199 1707 227 1744 α.
956 1684 1038 1737 ditur.

143 1708 214 1833 Υῗιγο.
235 1771 300 1833 Ἀπὸ
315 1774 430 1853 Θερμῶν
445 1773 559 1840 πλεύσας
574 1773 694 1840 σταδίους
708 1773 737 1850 μ’
751 1772 810 1852 ὄψει
823 1774 911 1853 ἀκρον-
995 1772 1054 1825 115.
1079 1772 1238 1827 A'I’hermls
1257 1784 1397 1847 postquam
1417 1778 1577 1847 navigaveris
1604 1776 1688 1832 eludia
1708 1784 1742 1843 do

128 2030 245 2091 Eortasse
253 2027 310 2081 haec
319 2026 641 2097 stadialioapertinebant
649 2044 733 2097 nsque
741 2026 775 2080 ad
786 2027 915 2099 oppidum
959 2029 1048 2099 Syrtin
1067 2029 1254 2099 sequebantur,
1277 2048 1360 2101 quum
1385 2030 1555 2101 aliquomodo
1577 2032 1743 2087 inscribenda

126 2116 152 2166 et
166 2117 273 2176 portum
289 2104 379 2157 insulae
398 2103 475 2173 longe
488 2115 622 2175 porrectae.
645 2108 813 2175 Quamquam
829 2106 875 2159 uhi
892 2108 915 2158 is
957 2118 1053 2172 assent,
1066 2107 1138 2161 laber
1148 2109 1284 2162 titulorum
1293 2111 1425 2181 inscripsit
1436 2111 1551 2178 Φοινίκη,
1567 2111 1643 2178 Regio
1652 2117 1741 2165 Poeno-

127 2184 192 2243 situs
202 2182 291 2245 luerit,
305 2180 392 2234 dicere
404 2200 458 2236 non
473 2181 566 2235 habeo.
582 2184 593 2251 ΙΙ
608 2213 644 2225 -
661 2181 720 2235 dab
738 2182 850 2253 Θένης]
866 2182 914 2237 ἀπὸ
957 2204 1024 2239 rum.
1038 2188 1083 2239 Sin
1102 2187 1232 2253 lacunam,
1248 2206 1306 2258 quae
1320 2199 1359 2241 est
1372 2193 1470 2259 post,§
1493 2208 1552 2260 127,
1572 2190 1627 2259 jarn
1647 2195 1744 2263 reperit

128 2261 217 2327 Θίθνης
227 2260 321 2313 codex.
332 2260 374 2313 Cs.
384 2271 440 2313 not.
451 2259 485 2312 ad
499 2264 515 2329 §
528 2264 587 2314 108.
599 2261 688 2314 Verba
697 2261 754 2314 haee
766 2263 788 2314 si
804 2262 871 2314 bene
884 2262 912 2315 b.
956 2264 1043 2317 scriba
1052 2266 1134 2317 nostri
1149 2265 1257 2330 codicis,
1275 2286 1335 2319 cum
1349 2268 1435 2322 Gallio
1448 2279 1562 2321 statuere
1573 2268 1642 2333 lioet,
1655 2271 1743 2340 inepte

29 2378 34 2387 .
129 2338 146 2390 l.
156 2334 268 2402 habent,
284 2349 344 2409 post
356 2356 382 2391 ν.
393 2338 509 2409 Κέρκιναν
519 2356 661 2392 numerum
679 2339 825 2393 stadiorum
845 2343 914 2394 exei·
956 2342 1092 2395 librarium
1106 2344 1226 2412 Φοινίκην
1238 2345 1288 2398 boe
1300 2347 1357 2411 loeo
1368 2346 1550 2417 adscripsisse,
1561 2365 1643 2419 quum
1655 2348 1744 2403 iudea

128 2416 196 2469 disse
207 2416 378 2488 probabiliter
388 2419 477 2470 statuit
489 2418 600 2471 Gallius.
610 2419 680 2470 Tum
690 2436 788 2471 nomen
797 2420 913 2489 Κέρκιναν
957 2424 973 2489 S
988 2425 1037 2475 128
1049 2424 1189 2477 Phoenicia
1204 2424 1282 2477 urbes
1295 2436 1487 2479 recenseantur.

128 2494 162 2549 de
172 2496 237 2548 urbe
247 2496 378 2566 intelligo,
389 2496 502 2568 ideoque
510 2508 571 2549 ante
580 2495 653 2550 πόλιν
663 2498 761 2550 inserui
775 2498 914 2552 articulum
993 2504 1082 2569 8113.
1109 2501 1166 2557 Ἀπὸ
1185 2501 1280 2573 θαψοὶις
1299 2502 1331 2565 εἰς
1348 2506 1442 2571 Λέπτην
1457 2504 1530 2569 eod.;
1542 2523 1594 2559 em.
1616 2504 1684 2558 Gaii.
1705 2508 1744 2558 De

128 2575 358 2629 dubitanstamen.
368 2576 566 2629 Videanluerit
578 2594 586 2629 :
598 2576 630 2639 εἰς
641 2577 670 2629 ll.
684 2577 781 2647 [νῆσον]
790 2578 831 2631 καὶ
841 2578 914 2633 πόλιν
957 2580 1034 2650 Lepti
1046 2598 1072 2632 ν.
1087 2593 1181 2651 praeter
1190 2582 1305 2635 Plinium
1316 2593 1343 2635 et
1356 2582 1450 2635 Melam
1463 2584 1579 2635 Hirtium
1596 2582 1661 2635 Reli.
1683 2584 1741 2637 Alr.

130 2654 288 2731 [ordhtot*].
302 2656 387 2725 Βρόχη
403 2652 455 2707 ἐστὶ
465 2656 600 2725 φαινόμενα
613 2654 672 2725 πρὸς
686 2658 717 2727 τῇ
730 2656 811 2709 πόλει.
822 2659 915 2729 Deop·
957 2676 983 2710 c.
999 2675 1041 2713 ιο.
1052 2675 1097 2728 29.
1107 2664 1152 2713 62.
1165 2679 1199 2729 97
1209 2680 1217 2725 ;
1229 2661 1286 2714 Asr.
1303 2678 1326 2714 o.
1338 2666 1382 2715 62.
1393 2663 1575 2733 Ruinaeprope
1584 2661 1743 2719 hodiernum

129 2732 193 2808 pido
203 2744 230 2786 et
240 2744 319 2804 portu
328 2732 363 2785 cl.
377 2734 476 2787 Plinius
484 2735 520 2798 V,
532 2752 562 2802 73
570 2733 683 2787 Diodor.
693 2736 727 2799 V,
739 2750 788 2799 123
799 2736 909 2807 Dionys.
957 2736 1044 2789 vicum
1059 2742 1159 2791 Lemta.
1172 2740 1283 2792 Portum
1298 2738 1372 2802 olim,
1386 2757 1496 2809 parvum
1507 2740 1576 2803 lieet,
1596 2741 1689 2794 urbem
1698 2742 1744 2795 ha-

129 2812 188 2871 Per.
203 2814 239 2877 V,
256 2828 304 2876 1²3
318 2812 408 2864 Livius
419 2813 546 2876 XXXIII,
560 2814 609 2877 48,
623 2814 724 2865 Hirtius
736 2813 799 2865 Bell.
813 2814 871 2868 atr.
888 2834 912 2869 e.
956 2813 1045 2867 buisse
1051 2815 1221 2885 colligimrex
1230 2818 1317 2871 Hirtio
1331 2819 1363 2871 Β.
1378 2817 1435 2870 Asr.
1446 2837 1470 2870 c.
1488 2823 1521 2871 62
1534 2835 1540 2871 :
1556 2820 1666 2876 Varus..
1680 2824 1743 2890 Lep·

131 2890 175 2951 34.
188 2888 221 2941 Al
235 2888 312 2941 Belui
322 2888 339 2942 l.
349 2890 367 2941 l.
380 2907 408 2960 p.
427 2893 479 2951 466
495 2907 501 2941 :
516 2911 527 2938 ι
542 2888 671 2943 Vis-a-vis
683 2890 717 2943 de
734 2891 876 2956 Sasikas,ia
891 2893 915 2947 la
958 2893 999 2947 tin
1012 2907 1102 2948 uectus
1111 2914 1190 2949 naues
1199 2897 1342 2959 onerarias,
1353 2914 1411 2968 que
1422 2896 1523 2964 longius
1533 2909 1637 2969 apertu
1651 2897 1679 2949 in
1688 2898 1748 2951 sala

129 2967 246 3021 distanoe
255 2966 394 3020 d'environ
414 2985 499 3022 roooo
509 2986 556 3039 pas
573 2979 676 3022 estune
692 2969 725 3022 lle
735 2970 840 3041 appelee
851 2977 916 3025 Kar·
957 2975 1076 3041 stabant,
1093 2973 1216 3028 incendit.
1230 2977 1319 3028 Nostri
1331 2986 1451 3046 tempore
1461 2976 1611 3029 obstructus
1621 2975 1676 3046 jam
1688 2977 1744 3030 fue·

131 3046 221 3112 leuch,
232 3049 313 3100 situt'ee
324 3064 358 3099 au
368 3046 457 3098 milieu
468 3046 548 3100 d'une
561 3065 618 3100 mer
631 3058 782 3116 stagnante,
792 3067 845 3120 peu
853 3068 915 3121 pro·
958 3054 1003 3118 rit,
1016 3055 1092 3106 sicuti
1102 3071 1174 3107 nunc
1184 3055 1212 3106 in
1226 3071 1273 3107 ora
1283 3054 1377 3107 humili
1390 3065 1417 3106 et
1425 3054 1460 3106 ob
1469 3053 1557 3108 brevia
1564 3071 1669 3108 secessu
1678 3054 1745 3109 diffi-

132 3124 220 3190 soude,
229 3136 255 3178 et
264 3125 329 3178 dont
335 3125 372 3178 les
379 3125 525 3178 eauxn’ont
532 3144 618 3179 aucun
627 3130 853 3180 mouvement.En
861 3129 916 3184 sace
958 3131 1002 3184 cili
1011 3131 1113 3185 nullum
1124 3144 1242 3204 superest
1250 3133 1496 3204 portusvestigium.
1511 3133 1521 3202 ψ
1533 3163 1569 3173 -
1580 3138 1743 3203 καταφανῆ

130 3203 205 3256 dece
217 3204 326 3269 lieu,en
338 3203 674 3275 pleinemer,etbl'entre³e
682 3205 729 3258 des
740 3206 916 3273 husonum
958 3208 1051 3282 ἔχει]
1067 3212 1138 3272 πόλις
1152 3212 1225 3281 μικρά
1250 3211 1315 3275 ἔστι,
1330 3209 1468 3282 καταφανὴς
1486 3210 1527 3263 καὶ
1537 3211 1630 3280 βραχέα
1648 3211 1742 3266 uidex.

130 3282 240 3335 environ
250 3287 284 3346 lo
292 3283 374 3335 milles
383 3281 420 3334 du
427 3284 573 3347 continent,
579 3300 616 3335 on
625 3285 723 3335 voitun
732 3282 824 3336 edifica
834 3277 915 3349 cleve,
958 3289 1029 3341 Urbs
1042 3307 1125 3360 quum
1134 3291 1162 3342 iu
1172 3289 1279 3361 planitie
1292 3293 1341 3343 sita
1354 3291 1397 3355 sit,
1415 3307 1468 3342 non
1482 3291 1570 3361 potuit
1585 3291 1672 3342 nautis
1691 3290 1744 3344 diei

130 3360 917 3433 quisertdepoiutdereconnaissancepourlasnavigatems
958 3367 1107 3438 καταφανής.
1125 3369 1218 3421 Brevia
1238 3385 1302 3420 vero
1319 3368 1370 3420 hoe
1392 3367 1450 3421 loco
1474 3371 1599 3438 καταφανῆ
1618 3367 1746 3422 dicuntur

130 3441 177 3510 qui
195 3439 522 3504 arduena-d'hlexandrie,
539 3439 573 3491 de
586 3439 611 3492 la
628 3440 701 3511 Syrie
714 3449 741 3492 et
755 3441 789 3492 de
801 3441 915 3496 Barkab.
959 3445 1053 3499 eodem
1064 3464 1142 3500 sensu
1152 3463 1206 3517 quo
1217 3445 1279 3500 alias
1290 3456 1469 3500 memorantur
1479 3447 1560 3516 βράχη
1570 3448 1713 3518 φαινόμενα.
1731 3449 1742 3516 ΙΙ

132 3519 276 3590 lorsqu’ils
286 3521 454 3591 aperpoivent
466 3519 491 3572 le
504 3529 593 3572 centre
608 3517 685 3572 dece
694 3518 832 3585 bitiment,
845 3521 877 3574 ils
889 3539 917 3575 se
959 3553 995 3564 —
1008 3523 1071 3594 po']
1086 3526 1215 3578 Distantia
1222 3527 1312 3579 nimia.
1329 3524 1416 3578 Stadia
1427 3535 1489 3578 sunt
1504 3524 1558 3578 lere
1573 3535 1689 3579 eentum.

131 3597 300 3662 detournent,
314 3608 341 3651 et
354 3598 412 3652 sont
426 3597 494 3650 voile
505 3616 563 3651 vers
578 3598 614 3651 las
624 3598 696 3651 lietu
713 3596 750 3650 ob
762 3598 793 3650 ils
809 3598 918 3653 doivent
995 3606 1081 3671 §tta
1097 3603 1129 3664 εἰς
1139 3602 1237 3674 (lappas
1252 3604 1345 3656 Iriarte
1358 3614 1538 3673 contraquam
1547 3603 1640 3658 eoder.
1654 3605 1745 3659 Malim

131 3676 256 3730 relacher.
281 3676 347 3729 L’ile
359 3675 393 3729 de
406 3677 549 3730 Kerkeneh
567 3676 698 3730 renierme
720 3675 767 3729 das
779 3679 868 3730 ruinas
883 3677 918 3732 de
960 3679 994 3743 εἰς
1005 3681 1103 3753 Θερρά,
1115 3683 1154 3734 uti
1166 3692 1205 3734 est
1217 3685 1232 3749 §
1248 3698 1307 3736 tao.
1317 3683 1418 3735 Locum
1428 3683 1575 3735 eonomine
1588 3681 1653 3735 alius
1666 3701 1745 3736 nemo

131 3755 323 3809 constructione
334 3757 463 3826 antiquas,
476 3767 503 3808 et
510 3755 557 3808 des
568 3757 680 3808 citernas
688 3755 817 3809 destinam
828 3754 844 3810 ὲ
854 3775 918 3810 eon·
959 3770 1097 3814 memorat.
1119 3759 1273 3814 Ptolomeus
1290 3770 1317 3812 et
1329 3760 1396 3814 Tah.
1420 3763 1495 3814 Peut.
1520 3761 1589 3812 inter
1609 3761 1704 3831 Leptin
1719 3761 1746 3816 et

131 3851 218 3885 server
237 3833 315 3886 l’eau.
337 3834 447 3886 (Ξοιιιιιιο
460 3834 508 3886 elle
525 3845 566 3887 ast
581 3834 738 3889 deoouverte
751 3833 918 3890 d’exoellents
960 3836 1137 3892 Adrumetum
1163 3848 1267 3910 ponunt
1289 3838 1423 3910 Rbuspina
1453 3837 1623 3910 (Ῥουοπῖνον
1657 3839 1744 3892 Strab.

131 3913 282 3982 paittuagas‚
300 3911 336 3964 las
355 3912 487 3965 habitante
505 3911 539 3964 de
560 3912 665 3966 Sasaltea
678 3931 695 3983 y
714 3915 838 3966 envoient
848 3915 918 3969 leurs
960 3934 987 3987 p.
1004 3917 1086 3989 831),
1106 3935 1186 3988 quem
1201 3917 1289 3970 locum
1304 3935 1360 3970 nou
1374 3916 1440 3970 adeo
1453 3915 1529 3984 longe
1542 3933 1558 3969 a
1571 3915 1646 3986 Lepti
1660 3925 1686 3968 et
1698 3934 1746 3970 ora

132 3989 264 4041 clreveaux
278 4000 305 4042 et
324 3988 394 4041 leurs
414 3999 571 4060 troupeaux.
591 3989 602 4059 ss
618 4019 655 4031 ·-
671 3992 760 4043 οταδ.
774 3990 818 4062 ψ’]
835 3993 918 4047 Linea
959 3997 1091 4048 maritima
1099 3994 1212 4048 abluisse
1222 4013 1255 4047 ex
1264 3996 1351 4048 Hirtio
1368 3997 1398 4047 B.
1410 3993 1468 4050 atr.
1475 3993 1614 4063 colligitur.
1626 3995 1745 4048 Fortasse

132 4077 202 4120 recta
213 4068 319 4120 nonnisi
331 4067 383 4121 500
393 4067 540 4120 stadiorum
550 4077 605 4133 αις
616 4079 643 4121 at
651 4086 667 4121 a
676 4070 786 4123 Cercina
793 4071 918 4140 usquead
960 4072 994 4126 ad
1007 4072 1121 4126 eundem
1133 4073 1264 4144 pertinent
1278 4072 1399 4128 Thermae
1408 4083 1513 4126 nostra.

133 4149 187 4206 llus
200 4145 352 4208 Kadidclta,
372 4163 426 4198 non
438 4147 525 4216 potuit
537 4148 609 4199 recti
624 4148 755 4216 navigari,
767 4147 814 4200 sed
825 4150 867 4202 via
878 4159 917 4202 te·
995 4154 1011 4219 ς
1024 4155 1085 4206 115.
1102 4149 1315 4222 ἀκρωτήριον]
1336 4155 1390 4204 llas
1410 4149 1505 4203 Mirtir
1518 4166 1580 4202 cunr
1598 4147 1694 4204 Mistir
1705 4152 1746 4206 vel

133 4222 220 4278 nenda
242 4234 308 4287 erat,
324 4240 408 4294 quarn
417 4223 527 4277 navibus
541 4223 632 4278 brevia
643 4225 839 4296 permittebant.
855 4228 866 4296 ΙΙ
881 4258 917 4269 -
959 4229 1095 4282 Monaarr'r
1119 4228 1228 4301 oppido,
1259 4230 1472 4300 promontorium
1503 4245 1640 4291 saxosum,
1670 4229 1746 4282 olivis

133 4305 234 4368 νῆσον
252 4299 351 4368 καλὴν
363 4303 433 4372 ete]
448 4301 538 4355 Insula
546 4320 605 4374 quar
613 4321 629 4355 a
638 4307 692 4357 llus
701 4303 796 4358 Dimas
809 4305 918 4360 boream
960 4309 1108 4373 consitum;
1132 4307 1252 4379 adjacent
1260 4307 1353 4360 insulae
1361 4317 1413 4360 tres
1424 4324 1532 4371 saxosae,
1543 4324 1654 4377 quarum
1666 4325 1719 4362 una
1730 4327 1746 4362 a

132 4399 223 4434 versus
234 4383 269 4434 80
281 4380 335 4432 lere
350 4379 440 4432 stadiis
451 4379 539 4446 distat,
551 4380 632 4434 hodie
640 4393 750 4435 vomtur
762 4383 916 4452 Coniglie'ra,
959 4387 1103 4453 eolumbis,
1125 4406 1184 4459 quae
1193 4385 1228 4441 'in
1242 4388 1359 4442 cavernis
1378 4389 1486 4458 rupium
1495 4387 1647 4457 fissurisque
1656 4388 1745 4442 nidili·

132 4477 202 4530 pone
220 4477 301 4529 quam
314 4470 353 4512 ast
364 4459 443 4511 altera
452 4459 551 4512 Κακίαν
561 4458 642 4513 dicta.
657 4461 706 4513 Hae
719 4462 918 4532 οαιιῑΤαριχεῗαι
959 4478 1037 4531 eant,
1049 4477 1160 4521 vocatur
1168 4465 1338 4530 lramAmat·,·
1348 4466 1455 4537 reliquae
1465 4465 1534 4531 duae,
1547 4485 1600 4519 orae
1610 4469 1745 4538 propiores

132 4535 267 4590 Strabonis
280 4555 308 4608 p.
324 4538 375 4600 834
382 4575 391 4601 ‚
405 4537 568 4607 Δαροονηοίαι
576 4537 674 4609 (λόρων
683 4539 789 4611 mebi)
800 4541 843 4594 δύο
854 4544 917 4595 Pto·
959 4535 1018 4598 sida
1029 4544 1161 4598 Ferrudcla
1170 4555 1197 4598 et
1209 4544 1267 4597 Sidi
1277 4543 1366 4601 Satal.
1377 4543 1477 4613 Majore
1490 4554 1602 4597 utuntur
1612 4545 1646 4598 ad
1666 4547 1746 4599 thun-

131 4615 225 4671 lemaei.
242 4614 918 4746 lampadusnpoins.,neseioquopaeto,huctraxit
959 4640 1009 4675 nos
1022 4622 1173 4693 capiendos.
1194 4622 1373 4674 P-romontorii
1390 4632 1417 4674 et
1439 4621 1583 4674 insularum
1606 4621 1674 4675 saxis
1696 4622 1746 4674 sre-

132 4695 243 4747 Gailius.
257 4695 268 4764 ΙΙ
281 4723 318 4735 -
333 4691 417 4764 Ἰκάρ
456 4693 588 4764 aJQuod
610 4693 715 4765 Ἰκάριον
735 4706 836 4750 veteres
849 4698 918 4769 pela-
960 4710 1070 4771 quent
1080 4700 1156 4753 incisi
1169 4699 1284 4754 cuniculi
1294 4717 1327 4752 aa
1342 4717 1465 4765 camerae;
1480 4717 1538 4770 quar
1552 4701 1614 4754 item
1638 4701 1746 4752 thunnis

133 4790 180 4844 gns
194 4772 336 4837 dixerunt,
351 4772 406 4825 buc
417 4791 473 4826 nou
488 4775 612 4844 pertiuet.
622 4774 714 4845 Scylax
727 4786 786 4846 post
801 4776 916 4847 Thapsi,
960 4776 1094 4848 capiendis
1107 4779 1254 4848 inserviisse
1267 4777 1400 4832 videntur.
1415 4780 1451 4831 V.
1466 4778 1558 4832 Barth.
1574 4797 1601 4849 p.
1619 4778 1678 4848 157.
1696 4780 1745 4849 ΙΙ-

134 4853 223 4921 Leptis
238 4862 265 4904 et
281 4850 421 4905 Adrumeti
440 4852 602 4906 mentionem
617 4852 690 4906 addit
703 4852 737 4906 ab
751 4854 794 4907 bis
807 4855 919 4909 urbibus
960 4853 1013 4910 tto
1036 4857 1150 4926 νηοία]
1178 4855 1293 4910 Διονύσια
1318 4855 1415 4920 uodex3
1439 4875 1520 4910 manu
1537 4857 1669 4910 lenissima
1691 4874 1744 4910 em.

134 4947 224 4982 versus
234 4929 372 4984 meridiem
381 4931 485 4983 flectere
497 4931 585 4984 sinum
596 4934 737 5001 magnum',
749 4934 796 5004 qui
806 4935 918 5006 appelle·
961 4932 1056 4988 Hasius
1071 4951 1115 5005 ap.
1129 4934 1210 4987 Gall..
1231 4934 1322 4988 Potuit
1338 4953 1401 4988 sane
1416 4935 1573 5006 Dionysium
1588 4935 1624 4988 ibi
1635 4953 1700 4999 esse,
1714 4936 1748 4987 si·

134 5015 178 5056 tur
188 5005 271 5076 Σόρτις
285 5006 359 5076 μικρὰ
370 5007 386 5073 ἢ
399 5007 541 5078 Κερκινῖτις.
553 5011 744 5078 Agatbemerus
755 5029 783 5083 p.
796 5016 829 5078 11,
839 5012 919 5068 refert
961 5011 1016 5070 euti
1028 5022 1118 5082 postea
1136 5023 1192 5065 erat
1213 5015 1402 5066 monasterium
1426 5012 1515 5084 (unde
1533 5014 1667 5067 Monuseir
1681 5029 1744 5082 opp.

135 5083 203 5136 inter
216 5084 352 5138 Cercinam
360 5096 387 5138 et
394 5088 545 5156 Meningem
558 5088 642 5159 Syrtis
655 5107 710 5143 esse
719 5092 830 5151 ostium.
841 5091 918 5148 simi·
961 5090 1062 5144 dietum
1074 5093 1095 5160 )‚
1115 5102 1142 5146 et
1158 5090 1383 5162 quemadmodum
1405 5093 1433 5145 in
1453 5102 1578 5162 sequente
1590 5109 1643 5145 orae
1661 5101 1746 5144 tmetu

134 5161 194 5213 liter
203 5162 298 5214 Noster
310 5164 401 5216 insulis
412 5165 468 5218 istis
480 5165 580 5219 includi
591 5165 918 5239 dixeritrbllspzrrafaa
961 5169 1209 5240 post-Adrumetum
1229 5171 1383 5224 Ptolemaeus
1398 5164 1586 5242 Aphrodisium
1607 5179 1744 5223 memorat.

137 5238 244 5310 πεἹιαγος
257 5240 297 5294 vel
310 5240 339 5295 ab
358 5245 401 5309 τῆς
420 5246 505 5314 μικρᾶς
521 5244 629 5314 Σύρτεως
645 5245 760 5316 πέλαγος.
782 5250 850 5315 Quae
860 5256 919 5318 post
962 5250 999 5300 At
1012 5257 1069 5300 tum
1084 5247 1155 5302 haud
1165 5247 1246 5303 dubie
1254 5259 1345 5304 auctor
1358 5248 1465 5304 disisset
1475 5249 1611 5304 breviator.
1625 5249 1746 5305 llsrtltius
