3950 5925
921 424 1222 487 ruottcottttttt.

267 584 342 635 οης,
361 559 385 620 οἱ
396 555 424 617 dl
437 560 497 628 τῆς
520 556 610 623 ι’κτδς
633 555 775 637 περίπλουν
792 554 1003 636 ἀναγράψαντες·
1018 557 1048 614 οὗ
1088 556 1498 636 μλαοῑαμτονεειίαε,ρτίιουινε
1506 557 1606 617 laudat
1616 558 1780 621 llcoataeum
1789 562 1878 622 llile·

267 656 320 735 μήν
328 654 396 717 titi
406 655 450 713 καὶ
461 652 566 722 Σκύλαξ
580 652 774 734 όΚαρυανδεύς
785 653 831 711 καί
847 656 991 720 Βωτθαῑας·
1006 643 1049 711 ού·
1091 654 1168 711 sium
1177 653 1205 710 ίν
1217 650 1306 718 Ἄσίας
1315 651 1472 732 περιηγήσει
1483 654 1523 731 (εί
1534 653 1639 732 γνήσιον
1651 661 1698 715 τοῦ
1707 660 1879 740 συγγραφέως

267 776 307 813 τοι
323 752 350 812 δὲ
363 751 482 829 ἑκάτεροι
505 749 547 809 διό
568 752 619 808 τῶν
633 748 785 829 ήμερηοίιυν
802 750 886 821 atos,
896 752 926 809 ού
943 748 986 807 διδι
1000 751 1052 805 τῶν
1090 747 1120 807 τδ
1135 747 1250 827 βιύλίον·
1266 748 1442 831 Καλλίμαχος
1450 749 1501 831 γάρ
1519 749 1659 823 Νησιώτου
1674 752 1739 812 atet
1753 755 1880 834 ἀναγρά-

265 448 363 502 κακον

268 850 380 909 σταδίων
393 847 427 906 τό
442 846 609 924 διαστήματα
620 850 667 917 τῆς
679 844 815 917 θαλάσσης
822 846 969 918 ἐδήλωσαν,

307 948 336 1006 6.
351 946 481 1017 Avienus
492 944 550 1003 Ora
562 944 658 1004 morit.
673 950 710 1010 lo
723 965 729 999 :

514 1085 601 1135 Multo
611 1096 702 1135 rerum
709 1084 852 1147 junstmus

327 1176 361 1213 εα
371 1164 552 1227 plurimorum
560 1164 665 1225 sumpto
675 1164 882 1215 commentariis.

328 1242 462 1291 ttecotrm
471 1240 531 1289 tsttc
538 1242 632 1303 μυιμμο
640 1241 691 1291 ortt
701 1240 827 1300 tutona,

329 1317 539 1379 ttettontcusqae
551 1316 667 1374 tantus,
685 1316 793 1367 Plttlem
806 1310 907 1379 quoquc

328 1396 499 1456 Atheniensis,
513 1395 692 1458 σαεμσιιάοτυο
705 1396 817 1457 scutras,-

331 1476 520 1527 roustmoctus
532 1474 603 1536 tude,
612 1477 701 1538 priseo
713 1482 791 1539 quem
802 1476 892 1537 penult
906 1476 1007 1533 santos,

328 1555 393 1616 quin
405 1556 430 1603 et
444 1556 582 1604 Βαοιαειοε
593 1552 674 1602 nolttt
689 1554 768 1602 notos
780 1552 846 1613 stuc.

309 1691 336 1741 7.
352 1666 478 1726 Suidas:
496 1663 600 1735 Σκύλαξ
613 1660 781 1745 Καρυανδεδς
793 1662 801 1745 [
815 1664 890 1731 πόλις
899 1662 927 1722 δί
938 1664 993 1723 ἐστι
1007 1667 1053 1736 τῆς

270 1765 373 1845 Καρίας
386 1762 498 1836 πλησίον
512 1762 718 1843 Ἁλικαρνασσοῦ
730 1759 764 1820 τά
780 1758 922 1841 Καρύανδα
932 1761 952 1835 ),
966 1766 1051 1838 μοιθη·

268 1860 376 1937 ματικδς
385 1858 430 1919 καί
440 1859 573 1935 μουσικός.
591 1857 741 1938 Περίπλουν
752 1860 803 1916 τῶν
818 1856 890 1925 ίκτδς
904 1860 956 1916 τῶν
967 1854 1052 1937 Ἥρα·

267 1954 356 2025 κλέους
369 1956 482 2027 στηλῶν·
494 1950 604 2012 τάκατδ
616 1952 660 2011 τόν
669 1950 845 2032 Ἡρακλείδην
857 1950 901 2009 τόν
915 1952 1051 2011 Μυλασῶν

267 2049 390 2129 βασιλία·
400 2053 448 2127 γῆς
460 2048 587 2125 περίοδον·
602 2046 764 2129 άντιγραρήν
780 2046 843 2126 πρὸς
855 2044 902 2117 τήν
918 2046 1052 2106 Πολυύίου

269 2144 396 2226 ἱστορίαν.

308 2242 338 2301 8.
350 2241 453 2300 Cicero
464 2242 507 2299 De
522 2240 616 2301 divin.
625 2237 666 2311 ll,
677 2248 713 2307 la
725 2260 731 2295 :
743 2241 851 2309 Scylax
866 2240 1052 2295 Halicarnas-

265 2356 338 2404 seus,
348 2332 511 2409 sonrillorr's
527 2338 665 2403 Pantett'i,
685 2338 826 2391 excellens
843 2340 874 2388 in
887 2336 1046 2410 astrologia,

269 2434 396 2507 idemque
415 2440 445 2489 in
459 2434 584 2509 regenda
603 2451 655 2487 sua
678 2436 789 2486 civitate
803 2434 945 2505 princeps,
966 2443 1051 2487 totum

268 2527 321 2588 loc
337 2528 522 2588 Chaldaicum
531 2530 709 2603 proedr'cendl
725 2545 814 2601 genus
828 2529 995 2601 repudiarit.

306 2622 417 2683 Praeter
425 2622 574 2701 Scylaccs,
589 2621 696 2700 quibus
707 2622 737 2679 in
748 2619 842 2679 literis
854 2640 960 2680 nomen
974 2634 1049 2694 erat,

268 2721 404 2778 novimus
416 2738 451 2777 ex
462 2716 610 2777 Herodoto
623 2715 674 2795 (V,
688 2717 746 2792 33)
759 2714 919 2793 Scylacem,
937 2716 1052 2775 Arista-

267 2834 346 2888 μονα
358 2814 465 2872 Milesii
479 2813 667 2882 familiarem,
681 2811 732 2888 qui
746 2812 816 2868 navi
831 2810 959 2887 Myndiae
978 2830 1053 2890 prae-

268 2910 359 2969 sectus
380 2910 410 2969 in
430 2908 620 2988 expeditione
640 2920 743 2966 contra
763 2906 871 2966 Naxios
890 2906 1051 2979 destinata,

266 3023 358 3082 quum
382 3004 466 3062 uasis
490 2999 650 3062 custodiam
675 3001 869 3078 negligentius
891 3003 1007 3078 egisset,
1023 3015 1052 3061 et

266 3111 387 3177 propter
402 3097 434 3156 id
451 3116 468 3155 a
487 3096 637 3173 Megabate
659 3097 776 3156 vinctus
795 3109 825 3154 et
843 3097 1053 3157 contumeliose

266 3191 384 3254 habitus
402 3205 486 3267 esset,
503 3213 589 3253 causa
609 3193 720 3252 exstitit
735 3191 852 3252 dissidii
867 3191 945 3252 inter
955 3193 1052 3269 Mega·

266 3287 362 3347 batem
383 3301 412 3346 et
427 3288 627 3365 Aristagoram
651 3289 718 3358 orti,
740 3306 777 3344 ex
793 3307 853 3365 quo
875 3301 975 3347 natum
1009 3303 1053 3348 est

264 3383 375 3446 bellum
402 3383 547 3446 lonicum.
567 3385 651 3445 lilius
673 3383 780 3464 Scylax
802 3385 834 3444 in
858 3384 1053 3464 inscriptione

265 3481 359 3542 Tenin
373 3482 452 3561 apud
465 3483 589 3542 Boeclsh.
611 3481 645 3542 C.
661 3481 685 3539 l.
702 3479 731 3554 l,
756 3479 791 3540 N.
813 3484 883 3558 203,
898 3496 927 3541 et
946 3482 1053 3560 Scylax

265 3577 429 3656 lapidarius
446 3596 494 3656 ap.
507 3575 610 3634 Bracci
620 3579 760 3634 Memorio
774 3577 898 3637 tab.101
915 3597 981 3654 sqq.

262 3706 441 3766 Furouturs
473 3727 551 3766 usur
587 3727 625 3762 un
658 3704 761 3776 lnnrt,
790 3725 929 3764 unisono
954 3727 1052 3765 ionici

598 3821 719 3862 scurrus.

306 3981 334 4020 τ.
357 3958 527 4018 Aristoteles
548 3957 637 4017 Polit.
650 3955 722 4030 Vll,
743 3958 790 4030 τό,
806 3978 817 4015 ε
834 3979 841 4016 ι
856 3957 890 4018 Εἰ
904 3957 951 4035 μὲν
967 3957 1051 4018 τοίνυν

263 4057 357 4130 είησαν
370 4060 494 4116 τοσοῦτον
511 4052 674 4135 διαρίροντες
685 4052 772 4135 ότεροι
783 4057 835 4114 τῶν
850 4053 957 4133 ἄλλων(
971 4075 1013 4118 σο.
1026 4059 1052 4116 οἱ

265 4151 391 4232 άρχονττς
411 4152 464 4210 τῶν
488 4147 665 4232 όρχομίνιον)
684 4145 746 4208 ὅσον
765 4147 824 4216 τούς
838 4146 909 4216 θεούς
927 4149 973 4208 καλ
994 4150 1053 4220 τοὺς

264 4245 353 4326 ἥρωας
366 4242 501 4322 ἡγούμεθα
512 4246 564 4302 τῶν
580 4241 724 4324 ἀνθρώπων
736 4241 876 4325 διαμόρειν,
890 4243 964 4312 εὐθὺς
976 4248 1051 4327 πρῶ-

264 4363 308 4400 τον
328 4337 398 4400 κατδ
417 4339 447 4398 τό
468 4339 546 4414 σῶμα
564 4336 665 4409 πολλήν
688 4337 796 4418 ἔχοντες
818 4336 976 4419 ὓπερόολήν,
994 4329 1052 4398 εἶτα

265 4433 335 4496 κατδ
343 4435 392 4508 τήν
403 4433 501 4516 ψυχήν,
511 4431 580 4492 ὥστε
590 4433 790 4516 ἀναμρίσόητον
799 4423 865 4492 εἶναι
878 4432 925 4492 καλ
937 4433 1052 4515 ρανερδν

264 4531 313 4606 τήν
327 4531 457 4612 ὑπεροχήν
466 4539 518 4600 τοῖς
528 4530 685 4612 ιἰρχομάνοις
695 4529 743 4604 τήν
752 4533 804 4590 τῶν
816 4530 961 4611 ἀρχόντων,
971 4531 1050 4603 δῆλον

165 4663 167 4666 -
260 4629 304 4687 ότι
322 4625 423 4708 βέλτιον
440 4627 480 4686 td
492 4625 551 4695 τούς
563 4626 654 4696 αύτούς
665 4625 724 4696 τούς
735 4626 783 4706 μδν
796 4625 887 4707 οῖρμειν
899 4625 958 4694 τούς
970 4625 993 4685 δ’
1003 4626 1051 4706 άρ·

264 4729 359 4806 χεσθαι
371 4722 502 4794 καθάπαξ.
513 4723 595 4785 Ἐπεὶ
604 4725 632 4785 δὲ
647 4724 717 4784 τοῦτ’
731 4725 761 4784 ού
779 4722 866 4806 μόδιον
879 4723 980 4797 λαθεῖν,
997 4723 1051 4782 οὐδ’

265 4809 1052 4902 ίστιν,ιίιαπερίν’1νδοῖςφησλΣκύλαξεῖναι,τούς

263 4915 603 4997 βασιλίαςτοσοθτον
620 4913 848 4997 διαρίροντας
871 4917 934 4973 τῶν
948 4915 1051 4994 ἄρχο-

266 5013 390 5094 μίνυιν,
418 5013 527 5096 ρανιρδν
549 5011 589 5071 ότι
612 5013 655 5072 δεδι
672 5011 772 5092 πολλός
796 5011 881 5078 αίτίας
906 5012 1050 5088 ἀναγκαῖον

265 5109 365 5178 πάντας
390 5110 486 5187 ὁμοίως
506 5116 637 5169 κοινωνεῖν
653 5114 699 5168 τοῦ
712 5107 782 5169 κατὰ
796 5107 875 5190 μέρος
898 5106 989 5189 άρχιιν
1005 5109 1050 5168 καλ

264 5208 403 5286 appetat.

306 5323 335 5362 a.
353 5301 506 5364 Athenaeus
522 5301 562 5377 ll,
573 5323 601 5382 p.
618 5324 666 5376 ρο,
683 5301 717 5377 C,
732 5302 769 5361 de
785 5303 921 5364 locisubi
941 5323 1049 5380 cynara

1091 867 1133 921 ρει
1147 844 1169 922 λ,
1195 864 1232 903 ex
1254 864 1347 921 eaque
1367 859 1472 925 proter
1491 848 1550 906 alia
1564 848 1655 907 refert
1669 870 1676 906 τ
1689 848 1735 908 καλ
1758 851 1820 931 περὶ
1832 852 1881 910 cis

1091 940 1173 1000 Ἰνδὸν
1185 939 1214 999 δι’
1225 962 1290 1020 φησι
1300 941 1420 1018 ποταμόν
1431 942 1548 1020 γίνεσθαι
1562 942 1610 1015 τήν
1624 943 1748 1024 κυνάραν.
1762 946 1880 1007 Deinde

1092 1040 1188 1118 pergit
1210 1059 1216 1096 :
1240 1038 1297 1097 καλ
1325 1036 1459 1107 Σκύλαξ
1485 1039 1520 1098 dl
1549 1038 1568 1111 ἢ
1596 1040 1761 1118 Πολέμων
1781 1042 1882 1124 γράφει

1094 1125 1208 1194 «εἶναι
1228 1133 1289 1213 μίν
1315 1134 1371 1205 τὴν
1389 1138 1450 1213 γῆν
1474 1134 1623 1215 ύδρηλήν
1648 1135 1794 1217 κρήνῃσι
1818 1138 1881 1197 καὶ

1094 1231 1285 1309 ὀχετοῖσιν,
1299 1231 1330 1288 ἐν
1342 1227 1375 1288 δύ
1390 1230 1462 1296 τοῖς
1474 1229 1591 1310 θύρασι
1615 1229 1739 1310 πέφυκε
1751 1233 1881 1315 κυνάρα

1094 1323 1153 1382 καὶ
1169 1324 1297 1404 βοτάνη
1320 1323 1416 1394 άλλη.
1429 1324 1510 1385 ιΚαὶ
1525 1326 1617 1392 ἐντοῖς
1630 1324 1701 1397 ἐξῆν
1718 1326 1881 1389 etms·

1092 1427 1145 1479 θεν
1161 1420 1193 1480 δὲ
1216 1419 1289 1501 όρος
1314 1418 1487 1500 παρέτεινε
1511 1426 1568 1479 τοῦ
1586 1427 1739 1499 ποταμοῦ
1754 1424 1883 1485 τοίῖἸν-

1092 1517 1152 1575 δοῦ
1179 1516 1270 1576 όνθεν
1289 1516 1347 1576 καὶ
1376 1515 1486 1590 ίνθεν,
1511 1502 1636 1598 ὑψηλόν
1661 1540 1694 1577 τε
1718 1519 1774 1578 καλ
1797 1519 1882 1579 δασύ

1091 1612 1191 1693 άγρίη
1206 1613 1266 1691 ύλῃ
1285 1612 1341 1673 καὶ
1361 1614 1488 1693 ἀκάνθῃ
1513 1614 1677 1695 κυνάρᾳ.»

1133 1710 1348 1788 Harpocratio:
1371 1708 1450 1770 Ὑπδ
1468 1712 1528 1788 γῆν
1547 1712 1728 1779 οἰκοῦντες.
1753 1711 1884 1794 Ἆντιρῶν

1090 1806 1117 1864 ἐν
1131 1805 1244 1888 τίρῖῐῐερὶ
1256 1805 1386 1882 όμονοίας.
1396 1805 1477 1884 Αίγοε
1487 1804 1587 1873 δντοδς
1596 1806 1648 1866 tat
1657 1808 1794 1875 Σκύλακος
1803 1812 1829 1869 lu
1840 1814 1884 1889 τῷ

1091 1904 1219 1983 Περίπλῳ
1234 1901 1388 1981 λεγομένους
1393 1902 1585 1983 Τρωγλοδύτας
1595 1901 1766 1971 καλταλςόπδ
1778 1902 1884 1966 Ἡσίο-

1091 1998 1136 2055 δω
1149 1999 1175 2055 όν
1183 1997 1208 2076 γ’
1217 1996 1373 2074 Καταλόγω
1388 1996 1566 2065 Κατωδαίως
1577 1998 1795 2077 ὀνομαζομένους.

1132 2106 1160 2165 l.
1175 2095 1370 2155 Philostratus
1381 2095 1440 2155 vir.
1457 2096 1593 2175 Apollon.
1617 2096 1673 2158 ΙΙΙ.
1689 2107 1739 2171 47,
1751 2097 1805 2157 ubi
1816 2097 1883 2157 lar·

1091 2189 1161 2249 chus
1174 2203 1297 2249 narrat:
1315 2188 1374 2256 τοὺς
1388 2190 1544 2269 Πυγμαίους
1561 2193 1641 2251 οἰκεῖν
1663 2192 1711 2269 pls
1724 2192 1865 2273 ὑπογυίως
1870 2237 1881 2266 ,

1091 2290 1194 2345 κεῖσθαι
1207 2286 1235 2345 dl
1247 2285 1314 2367 ὑπὲρ
1325 2286 1371 2346 τόν
1382 2287 1502 2365 Γάγγην,
1521 2288 1620 2356 ζῶντας
1635 2290 1741 2367 τρόπον,
1753 2288 1781 2356 δς
1794 2298 1883 2348 πᾶσιν

1092 2382 1211 2463 εἴρηται·
1236 2382 1388 2451 Σκιάποδας
1404 2380 1432 2441 dl
1446 2381 1596 2463 ἀνθρώπως
1611 2381 1629 2455 ἣ
1652 2385 1883 2466 Μακροκεφάλως

1090 2476 1108 2549 ή
1125 2477 1209 2538 ὁπόσα
1235 2478 1371 2547 Σκύλακος
1391 2476 1537 2561 ξυγγραραλ
1559 2478 1620 2560 περὶ
1643 2478 1741 2540 τοιίτων
1762 2478 1884 2562 ᾄδωσιν,

1090 2573 1150 2633 οὔτε
1164 2576 1259 2634 άλλοσί
1273 2599 1318 2635 ποι
1332 2574 1456 2654 βιοτεύειν
1468 2580 1515 2649 τῆς
1525 2580 1573 2657 γῆς
1582 2576 1640 2637 ούτι
1651 2576 1703 2656 μήν
1713 2580 1740 2637 lu
1752 2576 1858 2645 Ἰνδοῖς.

1133 2674 1163 2735 5.
1176 2672 1295 2732 Tzetzes
1306 2672 1384 2734 nist,
1397 2671 1465 2747 Vll,
1480 2693 1510 2733 ν.
1531 2674 1590 2749 629
1603 2695 1611 2731 ι

1133 2811 1309 2891 Καρυανδίευς
1321 2812 1459 2879 Σκύλακος
1471 2812 1587 2895 ύπάρχεε
1597 2838 1623 2873 τι
1635 2813 1736 2895 βιύλίον

1131 2908 1191 2990 περί
1207 2908 1254 2982 τήν
1268 2908 1381 2983 Ἰνδικὴν
1395 2911 1496 2993 γράρον
1510 2908 1660 2993 ἀνθρώπως
1671 2910 1830 2992 περυκίνει,

1130 3003 1228 3083 ούσπερ
1240 3005 1304 3085 poci
1314 3005 1466 3074 Σκιάποδας
1476 3005 1523 3065 καί
1534 3029 1565 3085 γε
1576 3005 1831 3074 τοδςὮτολίκνους·

1131 3091 1168 3159 ὧν
1180 3103 1208 3159 αῖ
1219 3100 1368 3168 Σκιάποδες
1379 3102 1490 3169 πλατεῖς
1500 3099 1605 3182 όχωσιν
1618 3100 1685 3181 όγσν
1698 3099 1796 3177 πόδας,

1131 3198 1216 3275 καιρῷ
1228 3198 1275 3266 τῆς
1288 3195 1455 3278 μεσημύρίας
1468 3196 1496 3255 dl
1507 3195 1572 3277 πρός
1583 3200 1635 3276 γῆν
1642 3196 1852 3274 καταπεσόντες,

1131 3289 1191 3356 τοὺς
1199 3289 1282 3358 πόδας
1293 3289 1474 3358 ἀνατείναντες
1485 3290 1562 3350 σκιάν
1573 3294 1661 3359 αύτοῖς
1673 3296 1789 3352 ποιοῦσι·

1133 3385 1270 3466 μεγάλαδ
1285 3389 1310 3447 ol
1322 3387 1472 3448 Ὢτόλεκνοι
1481 3385 1515 3446 τά
1525 3376 1582 3446 ὦτα
1595 3387 1750 3466 κεκτημίνοε

1134 3482 1231 3559 ὁμοίως
1240 3481 1381 3543 σκίπωσιν
1393 3481 1486 3550 αύτούς
1496 3482 1586 3564 τρόπιρ
1599 3485 1651 3542 τῶν
1664 3482 1815 3543 σκιαδείυν.

1133 3576 1166 3639 ‘0
1178 3577 1285 3648 Σκύλαξ
1301 3571 1375 3645 ούτος
1384 3577 1479 3660 γράφει
1489 3577 1517 3637 ll
1526 3577 1573 3638 καλ
1583 3577 1660 3660 ίτεροι
1667 3579 1749 3659 μυρία

1131 3674 1192 3754 περί
1210 3696 1241 3752 γε
1256 3673 1458 3755 Μονορθάλμιον
1475 3696 1505 3732 τε
1523 3673 1570 3733 καλ
1587 3676 1640 3733 τῶν
1660 3672 1860 3734 Ἐύυτοκοίτων

1132 3767 1178 3826 καὶ
1191 3767 1361 3848 ἕκτραπίλονν
1375 3767 1463 3826 mus
1475 3766 1504 3827 dl
1517 3767 1618 3848 μυρίων
1631 3768 1781 3846 θεαμάτων.

1130 3861 1224 3922 Ταῦτά
1236 3885 1301 3943 φησι
1312 3860 1336 3920 δ’
1349 3865 1384 3931 ὥς
1398 3863 1498 3936 ἀληθῆ,
1513 3861 1581 3939 μηδί
1589 3865 1642 3922 τῶν
1652 3864 1829 3945 ἐψευσμένων·

1131 3956 1228 4039 όγίοτῇ
1243 3957 1350 4038 όπειρία
1370 3956 1397 4017 δδ
1411 3962 1495 4018 ταῦτα
1506 3959 1590 4039 ψευδῆ
1600 3956 1708 4034 νομίζω.

1198 4157 1371 4218 Fuouunnr
1392 4159 1512 4218 Ρεαεεια
1532 4179 1618 4219 urus
1638 4179 1766 4222 ειεταιαι.

1135 4367 1162 4404 1.
1175 4343 1281 4404 Strabo
1296 4344 1407 4423 Χ11,μ.
1424 4345 1482 4404 566
1497 4341 1580 4405 :¹0³2
1591 4335 1623 4418 ήν
1639 4345 1760 4405 κατοικία
1772 4347 1879 4407 Μυσῶν

1091 4438 1224 4510 ήΒιθυνία
1235 4441 1363 4517 πρῶτον
1374 4437 1537 4520 μαρτυρήσει
1553 4437 1688 4508 Σκύλαξ
1700 4443 1716 4499 δ
1728 4441 1880 4519 Καρυσν·

1091 4534 1181 4610 δεύς,
1193 4535 1279 4618 φήσας
1290 4543 1431 4617 περιοικεῖν
1443 4533 1491 4609 τήν
1507 4534 1647 4597 Ἀσκανίου
1658 4535 1753 4613 λίμνην
1764 4538 1879 4618 Φρύγας

1091 4634 1136 4693 καὶ
1151 4632 1269 4702 Μυσούς·
1281 4633 1399 4693 ἔπειτα
1410 4633 1545 4701 Διονύσιος
1557 4635 1572 4692 ό
1584 4633 1632 4700 τὰς
1644 4633 1750 4704 Κτίσεις
1760 4636 1880 4716 συγγρά-

1090 4731 1142 4810 ψας
1155 4732 1215 4791 κτλ.

1132 4848 1160 4885 2.
1175 4825 1276 4887 Schol.
1291 4824 1388 4905 Apoll.
1402 4824 1497 4884 Rhod.
1510 4823 1523 4884 l
1531 4869 1542 4898 ,
1559 4847 1648 4905 1177,
1663 4826 1700 4886 de
1710 4826 1780 4886 Cio:
1793 4825 1880 4890 Ἐστι

1091 4921 1119 4982 δύ
1130 4923 1206 4989 πόλις
1217 4921 1352 4988 Μυσίας...
1367 4920 1422 4981 Καὶ
1435 4919 1552 4997 ποταμός
1565 4919 1594 4979 δί
1605 4925 1676 4982 ίστιν
1687 4921 1769 4990 ούτιυς
1781 4924 1879 4999 ὄνομα·

1090 5016 1204 5095 ζόμενος,
1217 5014 1268 5088 τήν
1282 5014 1388 5076 Μυσίαν
1396 5013 1548 5094 περιρρίιον,
1558 5005 1588 5074 ού
1600 5015 1757 5093 μνημονεύει
1768 5015 1879 5085 Σκύλαξ

1090 5117 1105 5172 ό
1118 5113 1296 5193 Καρυανδεύς.

1131 5210 1160 5266 3.
1171 5207 1278 5267 Strabo
1284 5205 1407 5286 Xlll,p.
1421 5205 1492 5280 663,
1501 5205 1624 5280 Eudoxi,
1630 5207 1787 5279 Damnstis,
1797 5206 1877 5266 cha·

1091 5306 1182 5378 ronis,
1206 5304 1337 5382 Scylacis
1352 5314 1382 5359 et
1401 5299 1508 5379 Ephori
1523 5302 1680 5359 sententias
1693 5299 1730 5358 de
1749 5299 1878 5362 Troadis
