3950 5925
899 408 1203 471 rnomeottttrm.

247 542 345 620 νῆρης)
366 541 412 601 καλ
429 541 516 607 α’λσος.
534 537 574 607 *te
596 536 715 613 ποταμὸς
729 537 801 615 παρὰ
817 538 952 597 θάλασσαν
967 538 1030 608 ἔξει·
1072 540 1223 600 «Ῥιπαύοιι
1240 541 1387 613 πέμπωσιν
1411 545 1459 600 ἀπ’
1481 542 1583 622 ούρεος,
1611 537 1658 623 Ιἧχι
1687 547 1816 621 μάλιστα,
1842 580 1857 602 .

248 659 299 696 σιν.
314 633 431 697 »Ἔστιν
445 635 484 702 'le
495 639 542 705 τ’ῆτ
553 633 615 715 (καὶ
627 635 711 709 titi)
729 632 859 705 Ἰταλίας,
871 636 905 699 the
918 633 1029 712 Πάρθαξ
1072 635 1262 715 Ἐραεσαοίννς
1280 637 1311 695 et
1323 640 1332 713 (
1344 639 1438 698 Paris.
1453 640 1580 706 ὡσαύτως
1599 640 1789 719 Ἐρατοσθένη,
1803 646 1812 725 )
1828 650 1858 705 ς,

247 734 274 789 ἐν
286 735 324 811 τῷ
341 731 365 809 β’
375 734 426 789 τῶν
440 729 586 789 Ἰταλικῶν.
598 753 611 779 α
626 726 704 787 Ἐπεὶ
714 725 741 784 δὲ
749 726 856 805 alpinam
867 730 904 793 εἷς
914 725 962 798 τὴν
974 730 1030 786 llo·
1070 730 1151 809 τρίτῳ
1164 734 1356 811 Γεωγραφικῶν
1367 732 1394 801 ἐξ
1400 732 1505 811 ἐρήμων
1517 734 1603 792 τόσων
1614 738 1677 816 ῥεῖν,
1685 738 1858 817 περιὸάλλῃς

248 827 382 885 σειδωνίον
391 830 405 885 ὁ
415 825 562 904 Ἡρακλῆς·
577 822 633 882 ἔστι
648 821 674 881 δὲ
687 823 805 897 ποταμὸς
816 821 854 889 Ἲς
869 822 1029 899 καλούμενος
1072 825 1100 883 δὲ
1113 832 1191 899 νῆσον
1205 828 1321 900 Hedum,
1335 856 1348 883 ς
1362 831 1407 889 Μ
1419 832 1480 889 haec
1491 832 1584 912 igitur
1595 834 1703 910 (verba
1716 834 1859 897 Mfljmffi

248 919 339 997 μέγας.
357 946 370 971 ¹·
393 919 427 979 ln
449 920 495 978 his
514 938 580 996 quoe
600 918 727 994 Scytuno
740 917 1030 988 tribuunturverha,
1071 926 1156 997 suntl
1177 925 1343 985 llolstenius
1365 928 1406 986 ita
1423 941 1632 987 commentatus
1659 944 1730 990 est:
1761 958 1774 984 α
1798 934 1857 992 Hic

247 1016 408 1073 manifestis
432 1014 534 1073 solutae
552 1012 694 1071 orationis
714 1012 847 1087 vestigiis
870 1012 1028 1091 impressa,
1075 1042 1092 1067 α.
1111 1018 1750 1104 librorum„um0,u,(r„,qgm,p„4,mpq
1761 1028 1858 1107 Ερμρ,

248 1110 337 1167 nullis
348 1128 475 1185 unquam
487 1107 748 1167 machinisefficies
761 1120 794 1164 ut
803 1107 839 1165 ad
848 1107 1029 1166 tolerabilem
1075 1136 1088 1161 α
1110 1112 1188 1192 ης)
1214 1116 1369 1192 perspicue
1391 1116 1498 1188 ςριωςρ
1522 1136 1618 1194 neque
1634 1118 1713 1176 enim
1732 1120 1856 1197 &ymni

248 1206 331 1262 metri
345 1206 470 1283 speciem
482 1216 671 1274 revocentur;
682 1216 815 1263 ettamen
826 1204 965 1261 trimetris
975 1203 1030 1261 ista
1076 1232 1089 1257 α
1112 1205 1179 1266 Chii
1191 1208 1344 1287 περιήγησις
1354 1210 1386 1268 in
1396 1210 1591 1269 librosdirisa
1602 1212 1656 1270 luit
1665 1213 1730 1290 θ’),
1741 1227 1854 1275 unium

249 430 344 473 trtxvt

247 1299 396 1357 includere
403 1313 508 1378 praeter
515 1300 684 1357 Cramerum
692 1299 724 1356 in
731 1303 909 1375 Descrrplc'on
919 1300 957 1367 of
960 1304 1030 1355 Asia

248 1403 317 1455 min.
331 1396 389 1454 vol.
402 1396 429 1454 ll
443 1418 475 1471 p.
497 1398 552 1467 327
566 1396 693 1455 instituit
711 1396 890 1467 latronum,
904 1415 1029 1472 quorum

248 1503 368 1547 conatus
379 1491 441 1548 noli
460 1509 591 1567 (quaerere
603 1509 689 1566 (piam
709 1489 867 1548 infeliciter
878 1490 1028 1561 cesserint,

247 1583 332 1642 Sardi
347 1585 474 1655 venales,
491 1585 565 1642 alius
588 1584 647 1642 alio
671 1584 808 1658 nequiori
826 1585 864 1639 At
884 1596 1031 1660 corrupte

247 1679 314 1737 voci
338 1678 429 1757 εὑρέθη
453 1679 525 1755 quid
544 1678 644 1741 faciem
660 1697 720 1737 non
744 1678 853 1754 habeo,
873 1697 938 1755 quae
956 1678 1030 1736 mihi

183 1768 189 1779 '
247 1774 365 1850 quidem
384 1775 456 1837 olim
469 1794 504 1833 eo
522 1794 613 1852 usque
634 1774 754 1831 molesta
774 1773 844 1845 luit,
856 1786 888 1831 ut
902 1792 964 1831 eam
977 1794 1032 1851 pro

247 1882 328 1945 parte
343 1870 399 1928 loci
423 1869 592 1947 Scymniani
613 1869 762 1939 haberem,
778 1864 867 1946 ἔχεται
889 1880 984 1927 autem
1000 1870 1031 1927 in

247 1960 389 2029 Ἑκαταῖος
408 1964 577 2022 mutandum
602 1963 815 2036 existimarem,
832 1961 917 2038 cujus
933 1962 1031 2040 conje-

248 2070 336 2115 cturae
343 2058 428 2117 fidem
441 2058 514 2115 ιιιιΙνί
526 2058 620 2115 lacere
629 2056 784 2116 videbatur
795 2056 925 2115 ionicum
933 2054 1031 2135 Ἥρης.

248 2155 286 2211 tt
297 2153 369 2230 quid
381 2154 502 2231 impedit
513 2153 671 2229 quominus
684 2152 842 2229 Scymnum
850 2153 947 2210 ionice
961 2156 1031 2211 scri-

248 2250 341 2327 psisse
350 2251 568 2311 existimemus?
581 2251 622 2307 ita
633 2251 786 2329 respondit
795 2250 868 2308 mihi
881 2251 1031 2309 consultus

248 2344 285 2403 de
299 2345 489 2408 llerodianeis
506 2345 667 2405 liei-odiani
689 2346 803 2405 futurus
816 2346 923 2418 editor,
937 2346 1032 2405 helir-

248 2438 365 2518 εἰμες),
379 2441 464 2499 simul
480 2460 516 2498 ex
532 2440 588 2497 hoc
598 2442 664 2518 ipso
679 2440 744 2498 loco
769 2459 800 2500 se
814 2440 850 2497 de
863 2440 1033 2499 diversitate

248 2534 367 2612 Scymni
392 2549 422 2593 et
448 2537 604 2613 scriptoris
625 2536 812 2611 Periegeseos
835 2536 1032 2613 conjecturam

249 2630 360 2707 cepisse
372 2629 525 2707 adjiciens.
534 2630 592 2699 Qui
606 2631 686 2707 quod
696 2631 732 2688 de
745 2630 868 2687 dialecto
880 2630 1032 2707 Scymniu·

153 2714 158 2723 '
249 2724 280 2779 ni
293 2725 392 2801 operis
401 2722 538 2801 conjicit,
548 2724 578 2782 id
591 2737 676 2785 erunt
688 2724 868 2802 fortassequi
880 2744 935 2784 usu
949 2727 1032 2785 vocis

249 2816 388 2895 σαυρωτήρ
403 2806 477 2877 mihi
501 2818 619 2895 quidem
645 2819 704 2877 nisi
726 2818 803 2896 apud
826 2824 985 2878 Homerum
1003 2834 1033 2879 et

249 2910 426 2970 llerodotum
449 2932 590 2991 nusquam
614 2914 710 2986 lectae,
733 2914 901 2976 confirmari
918 2928 1031 2993 putent.

250 3007 401 3068 Ernesti
415 3020 509 3066 autem
532 3028 569 3066 ex
593 3010 717 3070 ΕΥΡΟΝ
739 3023 908 3087 corruptum
935 3011 1031 3069 videri

249 3115 353 3180 potest,
364 3117 396 3162 ut
409 3104 591 3163 Herodianus
605 3107 775 3182 scripserit:
796 3103 864 3164 ούτω
877 3105 922 3164 καὶ
934 3104 1032 3184 [napi]

1072 1327 1085 1351 ι
1106 1300 1187 1361 abest
1193 1314 1227 1360 ut
1236 1304 1273 1361 de
1283 1305 1345 1361 sola
1358 1304 1477 1381 Europa
1484 1306 1609 1363 sedecim
1621 1306 1716 1366 libros
1726 1311 1855 1387 scripse-

1075 1424 1087 1448 ι
1111 1399 1506 1477 rit;extatenim[etiam?1]
1519 1421 1596 1459 nnnc
1605 1422 1710 1477 magna
1718 1410 1853 1481 opusculi

1075 1516 1087 1541 ι
1110 1510 1195 1568 pars,
1210 1511 1277 1569 quae
1288 1493 1493 1552 hactenussoh
1514 1495 1587 1552 falso
1605 1495 1746 1555 Marciani
1759 1499 1856 1559 idera-

1075 1610 1094 1637 α
1110 1586 1210 1644 eleotae
1221 1588 1341 1646 nomine
1351 1588 1476 1649 delituit.
1486 1588 1572 1657 Quod
1585 1588 1673 1666 hujus
1682 1590 1739 1649 loci
1754 1607 1856 1651 aucto·

1074 1702 1086 1729 ι
1110 1679 1195 1738 ritate
1206 1681 1488 1759 etindicioprimus
1498 1684 1629 1742 omnium
1648 1704 1722 1743 vero
1738 1691 1853 1747 auctori

1073 1797 1086 1823 ι
1108 1774 1257 1834 vindicavi
1276 1776 1308 1834 in
1322 1777 1400 1836 notis
1419 1779 1492 1837 meis
1511 1778 1549 1836 ad
1561 1777 1761 1856 Porphyrium
1775 1783 1852 1859 (Ψ).

1073 1891 1085 1917 ιι
1109 1867 1144 1926 ln
1160 1868 1210 1925 MS
1230 1870 1323 1929 luerat
1342 1873 1369 1929 ἐν
1391 1875 1445 1939 τοῖς
1458 1871 1683 1951 σερλΕὐρώτης,
1698 1877 1774 1934 sicut
1785 1898 1854 1955 pag.

1073 1987 1085 2012 α
1108 1962 1283 2039 praecedenti
1305 1966 1332 2022 ἓν
1348 1966 1401 2031 τοῖς
1423 1965 1484 2044 περὶ
1509 1965 1594 2032 'liniae
1614 1968 1689 2026 idem
1708 1969 1854 2048 Scymnua

1073 2082 1085 2109 ιι
1109 2055 1243 2120 laudatur
1253 2059 1303 2137 [ad
1318 2059 1366 2132 lV,
1376 2080 1432 2132 277
1444 2082 1451 2116 ι
1464 2058 1531 2121 Ὅτι
1547 2061 1575 2118 δὲ
1588 2062 1739 2137 liparim
1749 2067 1815 2124 eicis
1828 2070 1854 2126 oi

1073 2178 1085 2204 ο
1110 2153 1210 2233 Κόλχοι
1223 2155 1338 2228 ἄποικοι,
1352 2156 1399 2215 καλ
1408 2156 1529 2231 Σκύμνος
1537 2159 1565 2215 ἐν
1576 2165 1629 2223 τοῖς
1642 2159 1703 2238 περὶ
1715 2160 1801 2229 Ἀσίας
1812 2165 1855 2221 λε’-

1073 2273 1086 2299 n
1108 2250 1407 2337 γει].1οι1εἰιιερατὶιί
1424 2250 1540 2310 librarii
1556 2252 1649 2311 lecese
1668 2256 1696 2311 ἐν
1714 2259 1747 2332 τῇ
1761 2280 1784 2322 ις
1796 2278 1862 2335 pro.

1072 2369 1091 2395 ι.
1109 2343 1136 2400 is
1154 2345 1318 2413 τοῖς.ουοά
1334 2345 1441 2405 deinde
1461 2365 1533 2404 voce
1550 2366 1678 2424 expansa
1696 2350 1806 2411 editum
1824 2355 1854 2411 ἐν

1072 2463 1085 2489 ι
1108 2442 1142 2517 τῇ
1152 2440 1336 2520 ἑκκαιδεκάτῃ.
1347 2441 1447 2519 Neque
1456 2444 1553 2502 miuus
1564 2459 1703 2523 corrupta
1711 2464 1854 2527 suntquae

1072 2552 1146 2611 ‹qex
1155 2533 1283 2611 Scymno
1293 2536 1331 2594 de
1347 2536 1414 2595 lstri
1430 2557 1517 2599 cursu
1533 2538 1635 2609 aliem
1652 2531 1788 2621 nampro'
1799 2546 1854 2603 illo

1072 2651 1085 2675 ε
1109 2627 1162 2685 sot
1173 2628 1272 2707 ἐρήμου
1286 2630 1408 2709 φέρεσθαι
1416 2630 1460 2689 τὀν
1471 2628 1585 2710 Ἴστρον,
1597 2634 1784 2695 scribendum
1799 2640 1862 2697 ἀπὸ.

1073 2746 1085 2772 α
1109 2721 1231 2801 ἕσσύροο.
1262 2724 1348 2793 Quod
1380 2727 1530 2801 sequentia
1558 2728 1731 2788 Callimachi
1761 2734 1855 2791 verba

1072 2842 1086 2868 ι
1109 2819 1256 2893 evincunt,
1268 2840 1332 2897 quae
1348 2820 1483 2897 Rhipaeos
1496 2832 1610 2881 montes
1627 2825 1665 2882 ad
1684 2840 1782 2884 ortum
1796 2849 1854 2905 po·

1073 2938 1086 2964 ι
1109 2926 1195 2985 nunt,
1222 2927 1326 2974 contra
1352 2935 1385 2974 ac
1408 2914 1569 2993 scymnus,
1592 2918 1676 2996 cujus
1703 2922 1763 2980 irasc
1784 2938 1855 2983 sunt

1073 3033 1085 3060 α
1110 3008 1202 3067 verba
1214 3010 1251 3067 de
1262 3009 1354 3068 lstro:
1367 3009 1524 3089 κατέρχεται
1537 3011 1590 3070 ἀπὸ
1602 3017 1654 3071 τῶν
1666 3017 1795 3094 ἑσπερίων
1808 3019 1854 3076 τό·

1073 3131 1086 3156 ι
1109 3127 1177 3163 σοιν.
1206 3132 1219 3158 ν
1243 3107 1288 3164 Ad
1321 3120 1467 3183 postrema
1486 3109 1565 3183 quod
1590 3110 1706 3181 attinet,
1729 3113 1861 3178 delstri-

250 3198 366 3277 Σκύμνιρ
380 3201 406 3256 ἐν
422 3202 459 3278 τῷ
472 3203 518 3269 τῆς
538 3199 624 3266 Ἀσίας
644 3199 766 3280 τερθπλιρ
780 3191 863 3278 εὗρον,
878 3202 935 3264 nisi
947 3201 1033 3261 malis
1070 3221 1236 3278 cursuque
1257 3204 1290 3260 in
1310 3204 1455 3280 Periegesi
1477 3204 1555 3262 dicta
1566 3219 1667 3276 erant,
1683 3208 1731 3266 his
1750 3211 1857 3269 verbis

248 3293 327 3370 quod
352 3294 601 3371 simplicissimum
621 3309 680 3367 est,
704 3293 772 3352 ούτω
798 3293 844 3353 καὶ
865 3293 1031 3368 Σκύμνος...
1070 3302 1231 3378 perscripta
1244 3300 1619 3378 servavitauctorl‘eripli:
1632 3292 1854 3382 ΟὗτοςὸἸστρος

248 3381 330 3468 cipes,
342 3391 421 3467 qood
435 3393 506 3468 quin
517 3405 595 3451 recte
603 3393 645 3450 ita
653 3392 713 3450 dici
723 3392 816 3468 possit
827 3411 886 3452 non
894 3392 1033 3450 dubitari·
1069 3393 1188 3470 ποταμὸς
1208 3393 1365 3473 κατέρχεται
1388 3393 1441 3452 dnh
1460 3397 1513 3452 τῶν
1535 3394 1662 3471 ἑσπερίων
1686 3397 1784 3470 τόσων,
1803 3398 1861 3470 τὴν.

247 3484 316 3541 <lum
332 3485 464 3556 videtum
477 3485 579 3565 α1ρηκεν
590 3501 695 3558 autem,
710 3487 789 3563 quod
802 3487 970 3564 Cramerus,
985 3488 1032 3545 vel
1070 3488 1181 3558 ἐκὸολλν
1196 3489 1276 3548 πέντε
1290 3487 1404 3562 στόμασι
1413 3487 1578 3562 ποιούμενος,
1592 3489 1656 3546 δυσὶ.
1666 3493 1854 3570 κερισχιζόριεν

248 3578 359 3657 εὐρόθιν,
371 3579 451 3656 quod
463 3578 627 3638 Letrormus
636 3580 770 3657 conjecit,
782 3580 935 3656 rejiculum
948 3595 1001 3640 est
1016 3609 1028 3635 α
1069 3606 1111 3650 νος
1123 3582 1169 3641 καὶ
1185 3585 1220 3650 εἰς
1233 3583 1278 3641 τὸν
1293 3582 1395 3662 Ἀδρίαν
1410 3586 1455 3662 ῥεῖ
1467 3583 1598 3651 Quorum
1609 3585 1721 3660 priora,
1733 3607 1801 3664 quas
1808 3609 1853 3648 νε.

293 3693 357 3731 rao.
368 3673 507 3751 Superest
516 3675 597 3732 locus
605 3675 765 3734 scholiastae
776 3676 813 3734 ad
827 3677 925 3754 Apoll.
938 3676 1032 3738 Rhod.
1071 3687 1128 3753 774
1147 3680 1190 3738 sic
1202 3679 1300 3738 edidi:
1316 3680 1361 3757 ἄρ’
1376 3677 1504 3752 ἑσπερίων
1524 3677 1603 3754 μόνος
1626 3679 1786 3760 κατέρχεται
1811 3684 1855 3744 τόν

250 3765 298 3839 111,
319 3769 375 3834 adl
394 3787 401 3822 :
417 3766 470 3826 Τὸν
492 3765 595 3846 Ὶστρον
618 3767 717 3848 φησὶν(
731 3789 769 3828 sc.
795 3768 967 3836 Ἀπολλώνιος
982 3771 1034 3849 lix
1069 3799 1134 3848 πων,
1148 3790 1218 3848 etc,
1236 3796 1313 3837 nunc
1324 3777 1370 3833 ‘ita
1382 3774 1555 3849 corrigenda
1564 3774 1715 3834 arbitror:

248 3863 300 3918 τῶν
327 3860 509 3942 Ὑπερθορίιον
536 3863 730 3943 καταφέρεσθαι
754 3865 800 3925 καὶ
826 3869 878 3924 τῶν
903 3866 1032 3926 ‘Petreius
1107 3869 1308 3949 κατίρχετ’ἂσθ
1319 3872 1371 3927 τῶν
1387 3868 1513 3947 ἐσπερίων
1528 3860 1600 3936 ούτος
1613 3870 1711 3941 τόπων,

248 3958 363 4036 ὀρῶν,...
390 3957 524 4035 γινόμενον
550 3958 577 4018 δὲ
598 3959 694 4035 μεταξύ
716 3962 824 4020 Σκυθῶν
847 3959 893 4021 καλ
917 3963 1032 4042 Θρᾳκῶν
1108 3967 1156 4034 τὴν
1169 3963 1280 4033 ἕκθολὴν
1292 3962 1370 4020 πέντε
1382 3961 1496 4039 στόμασι
1506 3963 1670 4039 ποιούμενος.

248 4054 399 4132 σχίζεσθαι·
423 4054 517 4112 καὶτὸ
537 4054 584 4131 μὲν
602 4058 638 4121 εἰς
658 4054 705 4126 τὴν
731 4057 789 4114 καθ’
804 4061 876 4132 ἡμᾶς
897 4055 1032 4116 θάλασσαν
1070 4057 1854 4136 llaecigiturllolsteniuscumScymnianisapudsclio·

248 4150 386 4209 ε’κθοὶλλειν
408 4154 516 4230 ῥεῖθρον,
533 4151 562 4210 τὸ
584 4150 612 4209 δὲ
627 4154 664 4217 εἰς
677 4150 724 4222 τὴν
746 4151 878 4223 Ποντικὴν
895 4152 1031 4211 θάλασσαν
1068 4155 1182 4212 liastam
1194 4154 1234 4211 ita
1245 4152 1403 4210 conciliare
1411 4164 1532 4210 conatus
1540 4165 1593 4223 est,
1603 4166 1637 4209 ut
1653 4173 1707 4230 pro
1720 4154 1774 4210 ἀπὸ
1791 4157 1854 4233 ε’ρή-

247 4247 393 4322 ἕκπίπεειν,
409 4247 439 4305 τὸ
451 4246 479 4304 δὲ
500 4247 536 4311 εἰς
555 4245 599 4305 τὸν
612 4247 771 4325 Ἀδριατικὸν
783 4247 889 4308 κόλπον.
911 4248 1032 4323 Σκύμνος
1070 4273 1120 4325 μου
1155 4248 1343 4310 scribendum
1375 4267 1438 4306 esse
1462 4232 1620 4323 conjiceret
1647 4247 1701 4307 aiath
1722 4249 1857 4326 ἑσπέρους.

248 4343 275 4400 δὲ
287 4347 314 4400 ἐν
328 4341 543 4420 ,τῇὲκκαιδεκάεῃ
558 4341 618 4420 περὶ
637 4343 785 4420 Εὐρώπης(
799 4344 894 4405 Paris.
910 4348 937 4403 ἐν
951 4350 984 4424 τῇ
996 4345 1031 4410 ις’
1068 4364 1190 4422 euinque
1212 4343 1444 4401 emendationem
1462 4343 1548 4402 etiam
1569 4343 1760 4403 necessariam
1788 4363 1854 4402 esse

247 4441 299 4496 τῶν
319 4437 380 4516 περὶ
401 4438 531 4516 Εὐρώπης
546 4436 555 4518 )
572 4437 651 4496 αὐτὸν
674 4437 751 4514 μόνον
773 4439 852 4519 φησὶν
865 4439 918 4498 ἀπὸ
932 4440 1031 4519 ἐρήμου
1068 4441 1213 4500 existimat
1221 4453 1342 4518 propter
1353 4438 1527 4508 Callimachi
1540 4438 1738 4495 testimonium
1749 4439 1854 4497 desito

248 4533 364 4608 (Paris.
380 4533 434 4591 ἀπὸ
458 4533 563 4612 ἐρήμων
584 4532 691 4612 τόπων)
707 4534 829 4614 φέρεσθαι
855 4535 898 4594 τὸν
914 4535 1028 4616 Ἴστρον.
1069 4537 1211 4593 montium
1227 4535 1425 4611 llhipaeorum.
1442 4533 1531 4609 Atqui
1546 4530 1717 4590 Callimachi
1731 4552 1852 4591 versum

185 4675 186 4680 ,
247 4624 358 4688 ‘Pistam
372 4624 400 4684 dl
419 4625 467 4706 ὄρη
496 4629 523 4686 ἐν
538 4635 595 4695 ταῖς
612 4629 764 4703 ἀνατολαῖς,
785 4633 820 4698 ὡς
835 4631 1028 4710 Καλλίμαχος·
1069 4630 1180 4690 scholia
1190 4631 1324 4689 Parisina
1337 4648 1396 4694 non
1411 4628 1522 4686 eoloco
1535 4626 1657 4702 habent,
1671 4647 1731 4703 quo
1745 4627 1776 4684 in
1784 4628 1853 4686 edi-

278 4811 311 4873 ς’)
330 4810 440 4862 Lehrsius
457 4811 481 4860 in
500 4811 604 4864 editione
618 4814 746 4865 herodiani
768 4817 934 4878 (Regismonl.
951 4821 1010 4867 1818
1026 4831 1050 4878 p.
1063 4819 1111 4880 tl)
1125 4817 1199 4878 legii:
1219 4816 1288 4865 Οὕτω
1307 4815 1346 4864 καὶ
1363 4814 1466 4876 Σκύμνος
1483 4814 1506 4862 ἑν
1520 4817 1555 4875 τῷ
1566 4817 1581 4861 ι’
1593 4818 1633 4871 τῆς
1652 4811 1729 4868 'Asiae
1746 4811 1853 4874 aspicio

246 4883 400 4944 παρέθετο.
416 4902 429 4925 ν
439 4883 535 4944 Ἔχετοι
546 4885 596 4933 κτλ.
608 4884 674 4934 idem
689 4885 782 4934 confert
795 4885 945 4935 Eustatliiom
962 4887 991 4934 ad
1004 4887 1075 4934 llom.
1090 4900 1112 4946 p.
1126 4892 1181 4945 877,
1192 4885 1232 4934 uhi
1247 4885 1315 4932 haec:
1329 4885 1382 4934 Ὀτι
1394 4885 1418 4933 δὲ
1434 4887 1468 4939 'lt
1477 4886 1518 4932 καὶ
1532 4883 1607 4944 ὄνομά
1622 4883 1672 4932 ἐστι
1683 4887 1807 4942 ποταμοῦ,
1821 4887 1853 4938 ὡς

245 4955 284 4999 καὶ
295 4953 419 5016 Ἠρθδσεσς
430 4953 460 5012 (1,
478 4955 531 5012 179,
547 4953 587 5001 ubi
596 4957 618 5002 ls
632 4955 770 5016 Babyloniae
783 4955 871 5003 ssuvitts
883 4959 1032 5004 memoratur
1043 4957 1052 5016 )
1065 4953 1113 5002 οἶδε
1126 4957 1167 5005 καί
1176 4973 1210 5011 ιτς
1227 4956 1252 5002 δὲ
1261 4955 1339 5010 Φύλαξ
1354 4955 1448 5014 (θύλσξ
1465 4958 1544 5016 Elym.
1559 4952 1663 5002 Gudian.
1677 4965 1700 5000 v.
1714 4952 1747 5000 Ἰν
1758 4965 1783 5013 p.
1795 4958 1853 5012 27⁹,

246 5021 884 5087 ιιθθσααθθιιισκοθιυῑ)1οτορικὸς,παρεσημειώσοςντο
901 5029 923 5074 οἰ
941 5026 1054 5088 τεχνικοί.
1070 5027 1221 5076 lnltisnum
1242 5026 1346 5087 Σκύμνος
1358 5025 1487 5075 llerodiani
1502 5027 1526 5074 in
1540 5025 1644 5085 Σκύλαξ,
1663 5023 1719 5072 ‹ieitt
1731 5023 1756 5072 itt
1771 5024 1856 5080 Φύλαξ
1931 5058 1936 5066 .

246 5090 390 5154 depravatus
403 5094 443 5155 sit,
459 5107 490 5142 an
504 5093 566 5143 alius
576 5095 699 5158 scriptoris
711 5109 798 5145 nomen
808 5097 888 5155 lateat,
904 5095 1007 5156 Σκύλαξ,
1017 5096 1114 5156 Φιλέας,
1123 5098 1257 5158 Φύλαρχος,
1269 5108 1353 5158 pamm
1366 5095 1448 5156 liquet.

220 5199 221 5202 =
277 5168 325 5230 (**)
338 5190 350 5211 ε
360 5172 432 5233 Atqui
444 5185 458 5219 a
468 5174 589 5235 Stephano
605 5177 661 5236 Byr..
670 5187 689 5221 s.
702 5186 725 5222 ν.
736 5175 812 5237 Πάρος
822 5175 932 5223 laudator
945 5177 1047 5237 Σκύμνος
1057 5177 1071 5222 ὁ
1080 5177 1136 5229 Χῖος
1145 5174 1169 5221 ἐν
1176 5174 1261 5235 πρώτῳ
1272 5174 1438 5234 περιηγήσεως.
1450 5191 1462 5213 ν

277 5247 336 5309 (Μ)
351 5268 362 5290 ι
376 5249 417 5298 111ε
429 5251 507 5301 verbis
519 5253 630 5302 vossium
643 5267 739 5316 carpere
753 5254 855 5315 videtur,
866 5267 879 5300 n
890 5267 938 5314 quo
953 5254 1043 5305 inventi
1056 5257 1092 5306 sui
1108 5255 1203 5304 ΙυιιιΙειυ
1215 5253 1259 5301 sihi
1273 5255 1416 5315 prereptum
1426 5250 1584 5301 existimabat.
1593 5270 1611 5290 -ν
