3950 5925
102 375 214 494 tm)
739 416 854 476 orris
878 417 1113 478 nasoniano.

172 548 281 607 σπεύθοι
295 554 442 611 καταντᾶν,
455 542 593 605 ἀπολιπὼν
603 546 649 615 τὴν
663 544 789 605 Ἑλλάδα.
946 557 1064 610 studeret
1075 574 1226 621 accurrere,
1242 556 1363 609 deserens
1375 561 1513 611 Gradena.

171 641 352 716 Κροτωνιᾶται
365 634 477 705 πλησίον
489 633 517 691 δὲ
529 634 644 709 κείμενοι
947 644 1107 696 Crotoniatae
1118 654 1219 707 autern,
1235 661 1316 714 prope
1327 646 1384 708 siti,
1415 637 1419 645 ¹

169 723 239 781 κατὰ
250 722 345 803 ιιροίτος
356 721 450 787 αὐτούς
462 712 531 798 ἦραν
541 724 568 779 ἐν
581 725 675 800 βραχεῖ
689 722 776 802 χρόνῳ
950 732 1014 782 vict
1027 731 1106 781 aruns
1115 746 1159 781 eos
1173 729 1334 783 sustulerunt
1348 730 1421 783 brevi
1437 742 1571 801 tempore,

172 808 206 867 rit
222 808 309 867 πάντα
321 804 506 883 διαμείναντες
521 808 674 873 ἀπταίστως
689 808 733 880 ἔτη
948 828 1088 887 postquam
1101 818 1128 869 in
1139 834 1241 869 summa
1255 830 1451 887 permanserant
1463 822 1519 871 sine
1530 818 1675 871 oisernione

117 917 158 955 seo
171 900 207 962 ὡς
219 896 311 954 ἑκατὸν
324 894 478 965 ἐνενήκοντα
489 894 554 975 πρὸς
565 896 617 961 τοῖς
628 893 721 954 είκοσι.
948 920 997 973 per
1010 921 1093 955 annes
1104 902 1209 955 circiter
1220 900 1347 956 ducentos
1360 915 1438 974 atquc
1451 904 1552 957 decern.

171 984 250 1043 Μετθι
259 983 307 1054 τὴν
321 981 436 1042 Ἰταλίαν
447 980 520 1049 εὐθὺς
534 982 625 1049 Ἰόνιος
635 982 714 1061 πόρος
951 990 1014 1041 Post
1026 989 1126 1041 Italiam
1138 988 1226 1039 statim
1242 991 1346 1042 lonium
1363 988 1458 1041 fretum

172 1074 266 1128 ιιεῖται·
279 1068 435 1139 καθήκοντες
448 1068 474 1126 δὲ
486 1069 550 1146 πρὸς
561 1068 608 1138 τὴν
621 1069 742 1140 είσύολήν
950 1077 1031 1127 situm
1046 1085 1099 1137 est,
1111 1074 1284 1145 pert'mgcntes
1297 1086 1385 1127 autern
1400 1075 1432 1127 ad
1447 1077 1543 1128 ostium
1556 1074 1610 1145 rjus

172 1157 269 1216 olxo'tio‘
279 1157 409 1235 Ἰάπυγες·
420 1160 478 1230 μεθ’
491 1156 534 1222 οθς
546 1155 684 1237 Οἰνώτριοι
949 1161 1070 1213 habitant
1081 1162 1198 1231 Iapyges.
1212 1160 1274 1211 Post
1286 1178 1352 1229 quos
1365 1163 1488 1214 OEnotrii

172 1245 325 1323 Βρεντέσιον
337 1243 447 1302 ἐπίνειύν
459 1267 488 1302 τε
502 1248 554 1301 τιῗιν
568 1244 742 1304 Μεσσαπίων.
949 1248 1181 1317 Brundusiumquc
1194 1248 1283 1301 navale
1298 1250 1498 1319 Messapiorum.

116 1351 158 1388 sss
176 1330 265 1410 Πέραν
275 1330 303 1388 δὲ
314 1329 412 1389 τούτων
424 1332 477 1390 ἔστ’
487 1331 535 1411 ὄρη
550 1332 694 1411 Κεραύνια.
949 1336 972 1385 E
986 1335 1093 1401 regione
1106 1343 1193 1385 autem
1206 1329 1246 1381 his
1259 1344 1361 1385 montes
1373 1344 1435 1384 sunt
1446 1334 1579 1385 Ceraunii.

172 1418 335 1477 Μεσσαπίων
349 1419 373 1476 δ’
387 1421 501 1477 οἰκοῦσιν
505 1463 777 1480 .........
950 1420 1140 1489 Messapiorum
1152 1420 1270 1473 habitant
1283 1418 1386 1486 (vicini
1400 1418 1489 1469 Durmi
1497 1460 1502 1479 ,

174 1548 611 1567 ..............
637 1507 794 1587 Ὀμύρικοί,
948 1505 1041 1558 deinde
1055 1519 1117 1558 suat
1128 1508 1256 1560 Samnites
1267 1529 1275 1569 ‚·
1284 1518 1348 1577 post
1363 1506 1408 1557 hos
1420 1510 1429 1573 )
1443 1506 1554 1569 Umlni,

171 1591 215 1656 ούς
229 1614 306 1671 φασιν
322 1592 489 1671 &pelletana
498 1596 627 1671 αἱρεῖσθαι
643 1596 698 1672 βίον
948 1611 1016 1661 quos
1031 1594 1104 1645 aiunt
1118 1593 1253 1647 delicatam
1267 1593 1372 1661 elegisse
1387 1594 1479 1655 vitain,

174 1681 284 1738 Λυδοῖσι
294 1681 458 1759 βιοτεύοντας
471 1683 663 1761 ἐμφερέστατα.
950 1680 1032 1749 Lydis
1046 1682 1162 1733 vivente·
1175 1680 1310 1733 simillimi·

171 1758 228 1825 Εἶτ’
239 1768 307 1825 ἔστιν
320 1768 439 1846 Ἀδριανὴ
454 1772 572 1828 θάλαττα
583 1770 721 1849 λεγομένη,
948 1766 1053 1817 Deinde
1066 1776 1105 1819 est
1117 1766 1262 1820 Adrianum
1275 1784 1347 1817 marc
1357 1766 1468 1821 dictum.

114 1877 159 1915 ato
172 1854 332 1930 Θεόπομπος
345 1858 491 1938 ἀναγράφει
502 1859 530 1915 δὲ
543 1856 639 1929 ταύτης
650 1858 697 1929 τὴν
710 1858 794 1930 θέσιν,
914 1904 924 1921 .
948 1856 1137 1926 ἸἪΘΟΡΟΜΡΙΕ
1148 1854 1204 1923 elus
1215 1854 1339 1907 dffllbll
1350 1856 1429 1907 situm
1440 1896 1449 1918 ι

171 1946 207 2008 ὡς
218 1940 250 2012 δὴ
261 1944 463 2019 σονισθμιῖουσα
475 1944 541 2025 πρὸς
551 1945 599 2015 τὴν
612 1944 744 2018 Ποντικήν
950 1957 978 1998 ιιι
989 1946 1062 2016 qnod
1074 1964 1134 1997 cum
1149 1946 1259 1998 Pontico
1272 1946 1396 1997 isthmum
1410 1945 1519 2007 iaciens,

1588 2066 1729 2077 -—-—-·-n

115 2130 179 2163 uus.
198 2112 210 2177 11
225 2140 261 2153 -—
273 2112 335 2165 355.
354 2114 450 2167 σπεύδει
464 2124 491 2166 et
508 2112 634 2166 Ἑλλάδαν
645 2115 746 2176 codcx;
759 2134 812 2167 cm.
829 2116 904 2168 editt.
947 2114 1099 2183 conjectura
1114 2114 1218 2183 scripsit
1227 2115 1316 2179 τύποις
1328 2112 1463 2165 Fabricius
1474 2114 1652 2167 cGrotel'endi
1663 2116 1733 2185 conj.

118 2192 130 2256 11
146 2219 183 2228 -
192 2188 254 2257 359.
264 2188 308 2256 ἔτη
319 2192 396 2243 omis.
405 2191 504 2256 codex,
514 2193 772 2263 suppleritsealigm.
786 2194 905 2246 Fortasse
950 2194 1038 2257 aditu
1051 2193 1179 2245 Krebsius
1191 2193 1331 2261 legendum
1341 2194 1479 2262 proposuit
1490 2209 1496 2243 :
1507 2194 1652 2262 μεσαίτατον
1662 2196 1683 2245 δ’
1694 2196 1734 2247 αὖ-

116 2266 264 2329 ἀπταίστους
272 2269 697 2341 leg.essesuspicnturMeineltius.
709 2272 827 2340 11-360.
836 2272 904 2325 Hoc-
949 2276 997 2321 τῶν
1012 2270 1049 2340 (i.
1064 2286 1089 2322 c.
1102 2271 1220 2338 gentium
1232 2270 1357 2322 Italarum
1374 2286 1433 2338 quae
1446 2280 1509 2321 sunt
1524 2272 1558 2322 ad
1571 2271 1734 2325 Adriaticum

111 2364 147 2396 ce
166 2346 344 2399 testimonium
364 2365 425 2399 cum
447 2347 559 2401 Diodori
579 2349 642 2401 locis
654 2352 702 2414 XI,
723 2369 767 2419 90.
781 2352 844 2413 Xll,
862 2366 903 2413 ro,
949 2348 1235 2419 leniumque)oixoi›ci
1248 2348 1386 2419 Ὀμὸριιιοί.
1402 2352 1468 2417 Quae
1481 2348 1588 2419 quidem
1602 2350 1735 2420 conjectu·

114 2441 170 2475 sec.
184 2441 242 2493 quae
255 2423 339 2477 deleta
347 2426 452 2495 Sybaris
469 2438 508 2479 est
526 2427 633 2498 Olymp.
653 2433 698 2496 67,
713 2444 740 2481 a.
756 2431 803 2480 511
823 2448 846 2481 a.
867 2432 903 2493 C,
948 2446 999 2490 rae,
1019 2428 1115 2497 quibus
1138 2427 1252 2480 mediam
1266 2446 1318 2479 orae
1339 2427 1478 2481 Adriaticae
1492 2447 1566 2481 oram
1579 2428 1686 2483 Umbris
1702 2432 1735 2483 ab

115 2500 412 2571 iungentnschronologi
420 2505 547 2573 originem
555 2505 627 2557 urbis
635 2505 752 2558 referunt
760 2506 842 2559 adan.
853 2524 902 2575 7²¹
948 2517 1055 2559 auctore
1072 2508 1196 2575 assignari
1209 2506 1314 2570 volunt,
1330 2525 1417 2559 veram
1432 2509 1674 2573 sauesententiam,
1690 2511 1735 2564 sed

113 2580 172 2630 sire
188 2580 230 2631 01.
255 2584 297 2644 τί,
317 2586 344 2643 4.
359 2582 488 2634 Eusebius
512 2582 632 2653 Sybarim
651 2583 829 2636 eodcmanno
850 2602 904 2654 quo
948 2586 1046 2637 mirum
1060 2586 1088 2637 in
1106 2584 1215 2637 modum
1230 2586 1387 2639 enuntiatam
1410 2584 1596 2653 effingunt,ut
1616 2586 1735 2656 pluribus

115 2660 401 2712 Crotonemconditam
410 2661 488 2725 dicit,
502 2662 544 2714 0t.
558 2664 601 2726 18,
616 2662 904 2733 r.708;scdSybarim
948 2674 1040 2716 monet
1054 2662 1211 2717 Meincltius.
1224 2662 1329 2715 Codicis
1345 2664 1474 2734 scriptura
1489 2674 1657 2716 tantumnon
1671 2666 1736 2717 inte·
1780 2694 1783 2699 ·

115 2748 180 2789 ante
192 2738 334 2791 Crotonem
353 2738 493 2792 deductam
504 2759 559 2792 erse
573 2742 654 2811 liquet
669 2760 701 2794 cx
714 2743 846 2795 Antiocho
859 2760 902 2812 ap.
948 2743 1001 2809 gris
1023 2742 1103 2795 literis
1122 2740 1200 2793 oliert
1213 2758 1310 2793 nornen
1324 2742 1525 2812 Messapiorum.
1542 2746 1603 2809 Quo
1621 2745 1735 2812 reposito

113 2815 204 2868 Strah.
219 2818 268 2880 vt,
278 2836 306 2888 p.
321 2822 384 2870 262.
398 2820 434 2870 V.
450 2818 565 2870 Clinton.
582 2821 613 2871 F.
632 2820 666 2871 H.
682 2831 747 2871 tom.
760 2822 783 2884 Ι,
799 2838 827 2890 p.
843 2824 901 2889 174.
948 2820 1096 2873 Meinckius
1106 2838 1209 2872 versum
1220 2820 1304 2891 explet
1319 2820 1391 2872 hune
1406 2822 1432 2872 in
1443 2820 1551 2873 modurn
1567 2838 1573 2872 :
1586 2820 1735 2874 Μεσσαπίων

119 2898 131 2962 11
148 2925 186 2935 -
198 2896 258 2947 361.
272 2898 366 2948 Haecsi
380 2908 500 2949 accurate
509 2896 580 2950 dicta
590 2910 661 2962 sunt,
674 2897 748 2951 ltalia
757 2916 812 2950 non
823 2898 904 2952 modo
948 2898 971 2947 δ’
985 2898 1079 2951 οἰκοῦσι
1096 2897 1226 2970 ’ομ6ριιισί
1244 2898 1325 2958 πέλας.
1340 2900 1440 2949 Verum
1458 2900 1517 2968 quis
1535 2916 1652 2969 unquam
1669 2898 1736 2957 dixit

115 2976 244 3044 usquead
252 2976 397 3029 Tarentum
407 2978 544 3048 pertinuit,
554 2975 600 3029 sed
612 2978 738 3048 reliquam
748 2981 826 3030 etiarn
833 2997 904 3030 com·
948 2980 1064 3033 Umbros
1076 2997 1158 3050 usque
1167 2978 1199 3030 ad
1208 2979 1350 3050 Messapios
1361 2979 1536 3049 pertinuisse?
1546 2979 1625 3046 Quod
1635 2999 1667 3032 nc
1678 2992 1736 3033 tum

115 3052 279 3121 plectebatur
294 3073 379 3119 oram,
397 3056 503 3126 quarab
516 3057 617 3109 oriente
632 3058 719 3109 sinum
730 3058 904 3112 Tarentinum
948 3057 1055 3129 quidem
1070 3056 1205 3128 probabile
1219 3068 1270 3120 est,
1287 3059 1308 3108 si
1323 3055 1387 3108 fines
1398 3057 1589 3126 Messapiorum
1604 3060 1735 3127 usquead

115 3130 226 3183 claudit.
241 3133 253 3200 11
266 3161 302 3172 -
314 3133 375 3185 362.
395 3133 546 3198 καθήκοντος
556 3135 630 3199 c0d.;
641 3153 694 3187 eru.
709 3135 830 3204 Scaliger.
845 3139 856 3204 11
869 3167 905 3176 -
948 3141 1100 3207 Garganum
1110 3136 1215 3188 extendi
1227 3137 1297 3188 velis.
1311 3137 1399 3201 Quare
1412 3153 1466 3186 non
1480 3134 1545 3188 duas
1556 3133 1679 3206 syllabas,
1690 3137 1736 3188 sed

117 3209 180 3260 363.
193 3209 300 3278 Γάτιογες
309 3210 370 3263 cod.
385 3214 395 3280 11
407 3243 443 3252 -
453 3213 577 3284 Οἰνώτρ
587 3233 629 3265 ιοι
640 3215 757 3284 ]Mlt·arn
771 3226 905 3286 estusque
949 3233 1053 3268 versum
1075 3217 1205 3284 integrum
1224 3213 1350 3266 excidisse
1364 3224 1443 3284 puto,
1461 3231 1515 3284 quo
1532 3213 1736 3268 recensebantur

116 3287 152 3337 ad
173 3289 324 3342 orientalem
344 3292 423 3343 maris
442 3310 515 3344 oraru
530 3295 676 3346 OEnotrios
693 3294 810 3347 extendi.
823 3295 905 3346 Vide·
950 3297 1066 3348 Peucetii
1087 3295 1126 3346 rel
1147 3295 1243 3346 Daunii
1268 3304 1293 3344 ct
1311 3291 1482 3364 probabiliter
1507 3293 1637 3344 Samnite.
1667 3295 1678 3361 11
1700 3325 1736 3334 -

116 3377 163 3418 tur
178 3368 274 3420 Noster
296 3379 381 3421 totum
401 3369 552 3423 interiorem
566 3373 647 3424 Italiae
666 3383 777 3424 tractum
791 3371 852 3424 inde
871 3371 905 3423 ab
950 3375 1011 3443 367,
1032 3377 1100 3441 Quae
1113 3371 1314 3442 sequitursinus
1327 3369 1453 3422 Adriatici
1465 3367 1574 3440 ejusque
1588 3368 1734 3423 accolarum

118 3447 175 3496 lao
187 3447 267 3498 llario
280 3447 407 3518 usquead
420 3451 572 3518 Garganum
587 3469 619 3502 eo
630 3451 737 3504 nornine
750 3450 904 3520 generaliori
949 3451 1090 3522 descriptio
1096 3461 1150 3504 tota
1156 3447 1491 3522 petitacsteTheopompo,
1497 3465 1576 3519 quem
1585 3449 1736 3520 ipseauctor

115 3517 279 3590 designasse,
306 3527 418 3596 ideoque
440 3530 518 3580 etiarn
543 3531 686 3602 iapygiam,
712 3547 792 3600 quam
813 3528 904 3601 Scylax
949 3533 1068 3584 nominat
1081 3549 1106 3582 v.
1122 3531 1189 3599 370,
1203 3545 1335 3598 quemque
1347 3529 1445 3581 iontem
1460 3528 1538 3581 luisse
1552 3529 1646 3581 clarius
1656 3532 1734 3583 etiarn

116 3597 193 3664 dicit,
212 3619 244 3654 eo
262 3606 502 3674 comprehendisse,
522 3609 572 3660 nisi
591 3609 663 3678 quod
681 3608 795 3676 singulas
813 3609 904 3661 OEuo-
948 3621 1063 3680 arguunt
1078 3609 1221 3679 fragmenta
1235 3607 1293 3660 libri
1310 3609 1384 3659 XXI.
1399 3610 1441 3661 Sic
1455 3625 1513 3679 quae
1526 3619 1618 3661 nostro
1631 3610 1688 3661 loco
1702 3610 1735 3662 de

117 3677 177 3728 triae
189 3691 278 3747 gentes
293 3692 426 3752 tamquam
440 3685 583 3754 peculiares
598 3687 708 3757 populos
722 3705 815 3758 parurn
828 3705 904 3739 accu-
949 3689 1057 3742 Umbris
1079 3689 1212 3758 leguntur,
1240 3705 1255 3738 e
1279 3687 1453 3758 Theopompo
1478 3687 1535 3757 (ir.
1565 3691 1639 3756 rita)
1660 3688 1736 3742 allert

115 3765 175 3808 rate
196 3757 343 3829 distinguit,
363 3773 392 3815 ut
415 3764 444 3815 in
463 3774 562 3816 antece.
589 3764 708 3819 distinxit
729 3769 850 3819 Ausones
871 3767 905 3819 ab
950 3766 1091 3819 Athenaeus
1105 3767 1174 3830 ΧΠ,
1187 3782 1215 3835 p.
1238 3765 1298 3829 sss,
1321 3766 1342 3816 F
1359 3765 1413 3817 :To
1431 3770 1479 3816 τῶν
1502 3763 1640 3834 Ὀμ6ριαῶν
1663 3787 1734 3835 φησιν

115 3836 218 3903 Opicis.
231 3840 448 3893 Namltalosesse
465 3845 601 3896 OEnotriae
610 3856 714 3914 gentem
728 3844 799 3915 apud
814 3848 905 3899 Antio-
950 3844 1051 3906 ἔθνος...
1069 3845 1178 3906 ἐπιεικῶς
1192 3841 1256 3896 εἶναι
1270 3843 1423 3914 θύροθίαιτον
1441 3843 1615 3915 παραπλησίως
1636 3863 1661 3896 τε
1684 3847 1734 3913 βισ-

114 3913 200 3966 chum
210 3917 326 3987 aliosque
333 3921 482 3990 scriptores,
492 3923 567 3975 sicuti
578 3925 709 3992 Morgetes
719 3934 793 3976 erant
802 3935 828 3976 et
837 3922 905 3976 Cho-
949 3925 1025 3976 πτύειν
1036 3926 1088 3984 τοῖς
1098 3925 1193 3986 Λυδοῖς,
1207 3925 1291 3992 χώραν
1304 3943 1330 3975 τε
1343 3921 1410 3991 ἔχειν
1421 3921 1528 3992 ἀγαθὴν,
1542 3923 1597 3973 ὅθεν
1607 3922 1734 3990 προελθεῖν

116 4011 182 4055 ner,
197 3995 225 4046 in
239 3995 358 4048 confesso
376 4010 424 4050 est.
441 4001 541 4052 Eodem
555 4001 637 4053 modo
655 4004 682 4053 in
695 4018 772 4054 versu
785 4005 904 4072 sequenti
950 4002 982 4064 είς
1003 4001 1167 4074 εὐδαιμονίαν.
1188 4003 1198 4071 11
1213 4031 1249 4041 -
1270 4003 1331 4070 369.
1349 3999 1434 4054 εἶτεν
1449 4003 1459 4072 1
1476 3999 1555 4069 Quod
1575 4001 1594 4050 si
1615 4013 1735 4053 acciunte

114 4073 241 4144 Messapii
250 4079 390 4128 memorari
399 4096 493 4149 perum
507 4079 629 4133 distincte
638 4080 826 4152 putandisunt.
838 4083 904 4134 Nam
949 4083 1064 4147 dictum,
1082 4081 1246 4136 Adriaticum
1266 4099 1336 4133 mare
1349 4081 1535 4152 postUmbros
1548 4077 1654 4130 demum
1670 4081 1733 4131 inci·

115 4161 181 4219 post
192 4153 300 4220 lapygcs
313 4171 422 4223 parvam
440 4177 493 4210 one
510 4169 623 4211 tractum
636 4159 670 4212 ad
684 4161 817 4212 OEnotros
827 4163 905 4231 perti·
949 4162 1001 4230 pit,
1020 4159 1132 4230 ideoque
1145 4161 1249 4212 nonnisi
1272 4158 1306 4210 ad
1321 4158 1364 4210 τὸν
1376 4159 1455 4228 μυχὸν
1469 4159 1541 4209 sinus
1558 4157 1640 4209 ionici
1654 4175 1735 4228 prope

117 4230 219 4292 unisse,
231 4229 328 4284 deinde
339 4237 481 4306 Messapios
491 4238 628 4301 habitasse,
643 4239 753 4290 minime
764 4240 906 4309 probabilis
950 4238 1059 4292 Adriam
1081 4237 1174 4291 urbem
1195 4239 1318 4308 pertinet,
1337 4255 1391 4307 quo
1404 4255 1481 4288 sensu
1494 4236 1520 4288 id
1535 4253 1631 4288 nomen
1653 4239 1735 4306 apri-

117 4308 187 4359 [οισι
202 4313 340 4364 sententia.
359 4315 370 4380 1
394 4345 431 4355 -
448 4318 510 4378 366.
538 4317 748 4387 Μεσσαπίων]
770 4321 904 4390 μεσαιγέων
949 4319 999 4370 seis
1011 4316 1181 4388 scriptoribus
1200 4327 1356 4386 usurpatum
1369 4334 1424 4367 esse
1439 4315 1528 4366 monui
1543 4313 1576 4365 ad
1592 4312 1733 4382 Scylacem.

114 4388 203 4439 codex
225 4401 252 4442 ct
276 4390 395 4444 similiter
415 4413 441 4445 ν.
463 4396 513 4446 366
534 4398 683 4468 μεσσσγίων.
708 4398 828 4467 Utroque
848 4399 906 4451 loco
950 4401 1072 4465 Quocum
1087 4397 1154 4448 benc
1169 4396 1285 4446 concinit
1300 4393 1371 4464 quod
1388 4393 1576 4462 Theopompus
1592 4388 1645 4456 (ir.
1666 4395 1734 4458 rio)

116 4467 269 4520 Μεσσαπίων
284 4472 398 4523 restituit
408 4473 565 4528 Meinelius.
579 4480 618 4529 Ae
629 4479 819 4548 Messapiorum
834 4496 906 4530 men·
952 4493 1048 4527 nomen
1067 4473 1130 4527 illud
1152 4473 1186 4526 ab
1204 4471 1284 4526 Adria
1301 4473 1381 4524 lluvio
1401 4471 1518 4523 deducit.
1543 4471 1647 4521 Ionium
1664 4488 1734 4522 marc

114 4548 217 4598 tionem
230 4549 314 4600 inesse
334 4569 372 4602 νε.
388 4552 437 4613 361
462 4565 532 4606 reete
549 4553 603 4622 jam
618 4553 766 4623 conjecerat
790 4557 903 4621 Gailius,
948 4554 1095 4607 secundum
1108 4552 1220 4605 eundern
1231 4551 1264 4604 ab
1276 4553 1362 4614 Ionio,
1376 4551 1433 4602 viro
1444 4548 1564 4619 Illyrico,
1579 4550 1624 4617 qui
1642 4549 1667 4599 iu
1682 4551 1735 4602 lssa

115 4643 279 4696 quamquam
291 4630 318 4680 in
335 4640 410 4681 textu
426 4632 530 4702 reliquit
542 4634 682 4687 Moschelii
697 4635 853 4705 scripturam
865 4657 907 4707 με·
951 4638 1000 4686 ins.
1012 4633 1138 4702 regnarit,
1152 4648 1248 4684 nomeu
1263 4631 1371 4699 accepit.
1387 4628 1465 4680 Unde
1478 4629 1540 4678 satis
1551 4637 1690 4700 patet‘non
1703 4647 1734 4679 eo

116 4704 234 4771 mitior.
253 4708 293 4758 De
309 4725 363 4778 quo
374 4709 441 4761 bene
454 4711 602 4765 Mcinelaius
617 4731 624 4764 ε
640 4739 650 4759 ι
670 4717 706 4767 Ut
720 4714 754 4766 de
770 4714 907 4768 insolentia
950 4713 1031 4766 modo
1044 4713 1147 4766 lonium
1170 4728 1242 4762 mare
1261 4727 1275 4762 a
1291 4709 1466 4779 Theopompo
1479 4705 1578 4758 dictum
1598 4725 1667 4771 csse,
1680 4724 1734 4776 quo

116 4779 210 4833 former
225 4784 304 4836 nulio
313 4788 434 4857 exemplo
454 4791 630 4859 comprobatae
644 4801 742 4844 taccam
752 4832 760 4856 ,
771 4792 834 4862 quid
850 4803 905 4844 tan·
949 4795 1060 4845 seriores
1074 4791 1213 4861 scriptores
1222 4787 1309 4840 dicere
1320 4787 1413 4839 solent.
1429 4787 1440 4854 11
1454 4815 1489 4825 -
1503 4785 1564 4854 370.
1578 4783 1734 4854 Θεόπεμπτος

113 4859 178 4910 dem
196 4861 247 4913 hoc
258 4873 306 4920 est.
322 4865 394 4933 quod
407 4866 578 4921 Brundisium
594 4869 845 4924 mediterraneorum
857 4872 905 4924 ho·
949 4871 1076 4942 ἀνεγράφη
1085 4866 1337 4935 ταύτηςσοιίειιςειιι.
1349 4864 1423 4918 editt.
1439 4866 1449 4932 11
1461 4895 1497 4904 -
1509 4864 1570 4932 371.
1584 4864 1735 4933 συνιθμίζσο-

116 4938 220 4990 urinum
238 4953 330 5010 portus
341 4943 456 4998 dicitur?
468 4947 495 4998 id
508 4948 579 5017 quod
594 4967 701 5020 prorsus
713 4951 841 5004 absonum
851 4963 902 5016 est,
949 4969 980 5000 σα
992 4948 1084 5002 codex.
1097 4947 1199 4999 Deinde
1208 4943 1318 5015 πρθςτήν
1331 4940 1436 5008 Ἰονικὴν
1449 4944 1609 5013 scripserunt
1622 4943 1734 4994 Vindiu-

114 5017 257 5088 omnisque
266 5024 374 5074 rationis
384 5041 487 5096 expers.
502 5052 512 5072 n
526 5029 557 5079 ln
568 5031 684 5098 sequenti
696 5041 771 5082 rcrsu
780 5030 904 5082 llrrsrlrc-
949 5030 1015 5096 gius,
1030 5028 1150 5091 lludson,
1169 5026 1279 5088 Gallius,
1290 5023 1361 5094 quod
1375 5023 1460 5075 lauces
1473 5021 1598 5074 Adriatici
1611 5033 1636 5072 ct
1651 5023 1733 5074 lonici

113 5095 168 5146 lius
184 5097 302 5153 ediderat
324 5105 487 5171 μεσαίτατσν;
510 5106 628 5160 lacunam
653 5127 713 5159 raro
737 5109 848 5177 Scaliger
869 5112 903 5162 ita
949 5101 1489 5172 maris‹torninuncssinhQuodquornudo
1502 5098 1733 5168 l·'0rbiger·ustueri

114 5175 244 5243 explevit:
267 5183 414 5247 μεσαίτατον
434 5185 457 5235 θ’
471 5184 581 5237 οἰκοῦσιν
610 5186 739 5256 'tigrim-eoi
759 5187 832 5249 λεώ,
856 5205 904 5257 pru
949 5196 1058 5238 innatus
1069 5187 1111 5248 sit,
1127 5203 1226 5255 quaero.
1238 5186 1277 5235 Dc
1291 5184 1337 5234 ista
1347 5181 1511 5252 Theopompi
1526 5181 1664 5244 setrtentin,
1682 5199 1734 5250 qua

115 5251 169 5303 λεώ
182 5255 321 5311 Salrrrasius
343 5261 424 5315 voluit
442 5265 529 5327 πέδαις
545 5267 702 5317 letruunius
719 5285 734 5317 c
751 5265 903 5317 Boissonadi
951 5265 1112 5317 Adriaticum
1128 5282 1188 5316 cum
1200 5264 1308 5315 Pontico
1326 5263 1389 5314 utari
1403 5260 1527 5312 istlnurun
1540 5258 1655 5311 effocent
1668 5259 1733 5312 ardeo

1580 5357 1610 5396 tt.
