3950 5925
792 444 1006 505 summm.
1653 460 1699 501 vu

92 572 332 669 explicatione
348 574 477 647 frustra
496 572 748 645 allaboraveris
762 572 831 643 nisi
839 572 887 645 ad
895 598 1045 645 manum
1063 578 1136 644 sint
1146 598 1283 669 mappae
1299 575 1467 660 nautica,
1481 574 1615 669 quibus
1631 598 1703 643 one

93 694 285 785 anfractus,
303 695 457 792 scopuli,
474 694 615 782 brevia,
639 708 803 765 veterum
822 693 988 767 locorum
1012 696 1145 785 ruinae,
1163 695 1408 765 recentiorum
1423 695 1571 765 nomina
1593 696 1700 790 oppi-

94 816 228 887 dorum
259 818 310 889 ita
335 818 586 903 exhibeantur,
614 832 655 888 ut
675 819 920 890 narrationem
939 817 1125 915 scriptoris
1150 842 1216 915 per
1233 817 1385 888 minima
1415 838 1567 913 quaeque
1585 817 1699 911 spatia

91 940 205 1010 oculis
224 942 400 1037 prosequi
416 956 452 1011 et
471 939 561 1035 quid
577 939 623 1011 de
638 940 708 1011 situ
726 939 892 1012 locorum
907 940 1141 1011 statuendum
1159 942 1205 1011 sit
1223 954 1287 1011 tuo
1299 939 1415 1035 ipsius
1424 938 1564 1032 judicio
1579 938 1702 1009 decer-

92 1087 177 1135 nere
192 1065 327 1160 possis.
343 1062 557 1157 Cujusmodi
573 1063 707 1135 auxilio
721 1088 837 1160 quum
850 1079 1015 1137 veterum
1023 1066 1311 1163 geographorum
1322 1064 1502 1135 editiones
1513 1064 1704 1160 hucusque

91 1201 272 1275 carerent,
301 1210 342 1257 ac
362 1188 515 1257 omuino
530 1187 740 1283 paucissimi
763 1186 820 1259 his
839 1188 1095 1259 instrumentis
1111 1187 1279 1259 instructi
1296 1188 1389 1277 sint,
1403 1187 1523 1259 studia
1537 1185 1701 1282 jucunda

93 1310 231 1378 mirum
254 1308 294 1378 in
306 1306 471 1383 ‚modum
489 1308 815 1405 praepediebantur.
841 1315 916 1406 Ego
936 1326 1059 1382 autem
1086 1335 1163 1382 non
1181 1334 1333 1407 possum
1349 1310 1438 1407 quin
1459 1324 1575 1404 grates
1602 1334 1703 1404 agam

91 1432 176 1503 viris
196 1431 470 1503 humanissimis
483 1431 546 1529 qui
561 1432 785 1503 asservandis
800 1432 933 1505 tabulis
945 1434 1097 1505 nauticis
1112 1434 1152 1504 in
1169 1432 1237 1503 hae
1250 1432 1341 1503 urbe
1354 1432 1512 1529 praefecti
1530 1456 1704 1527 quaecun-

90 1580 161 1652 que
180 1556 235 1625 rei
257 1570 390 1627 nostrae
403 1555 639 1643 inservirent,
654 1556 904 1652 promtissimo
922 1558 1048 1629 animo
1070 1557 1401 1629 communicarunt.

164 1786 319 1853 Panrsus
346 1807 461 1853 nense
487 1789 630 1855 Aerios

279 1957 520 2027 Mucoetttt.
549 1948 552 1958 ’
1065 1960 1229 2029 Canonns
1254 1960 1458 2029 Munnsnus.
