3950 5925
205 410 259 459 ιιι
857 390 907 448 ex
930 387 1235 448 ισλτιιιιιειιιυιι
1760 336 1830 457 (ον’

123 543 194 594 Plrot.
242 550 278 592 σε.
292 527 356 590 Ὅτι
369 529 392 587 οἱ
406 526 473 586 κατὰ
486 524 534 595 τὴν
548 522 671 601 ’λραόίαν
686 520 802 596 λέοντες,
814 520 893 599 ρησί,
908 521 984 600 ψιλό·
1066 531 1108 581 68.
1123 527 1223 580 Arabim
1235 526 1321 577 leones
1336 525 1424 577 miuus
1441 524 1533 575 hirsuti
1551 534 1576 575 ct
1591 522 1733 575 ferociores.
1745 535 1816 589 sunt,

203 639 273 696 ‘⁸9⁰²
285 616 333 692 pe'v
348 616 398 672 ‘lm
416 611 461 717 ”fl
475 609 647 690 lll²⁶¹l¹⁸l³⁰²2
659 611 698 684 ‘ll
711 607 871 717 ppoipurtli
887 608 983 684 llum
1028 640 1115 693 colore
1133 649 1221 694 autem
1242 641 1344 713 aequoli,
1367 643 1435 693 sicut
1454 640 1488 693 illi
1503 658 1570 711 quos
1585 602 1638 692 lcrt
1658 640 1816 711 Babylonio,

202 703 320 780 καθάπερ
334 703 358 758 ol
377 720 506 776 properet
524 696 585 776 περὶ
601 694 649 765 τὴν
666 694 850 772 Βαόυλωνιαν,
865 695 934 754 οὕτω
955 694 984 752 ll

202 792 254 856 τοῖς
265 788 416 869 τριχώμασι
426 783 575 851 στίλίοντες
586 783 654 842 ὥστε
668 781 722 841 tel
730 785 782 842 τῶν
796 780 914 861 αὐχένων
925 781 984 850 ξαν-

176 876 299 949 νθότητα
309 873 475 950 ἀπολόμπειν
484 873 576 951 χρυσῷ
588 870 788 950 παραπλησίαν.
830 869 874 947 (σε)
886 872 948 930 Τῶν
956 870 983 928 δὲ
1029 880 1270 951 instarrelulgeant.
1309 883 1367 951 (69)
1375 879 1628 953 Myrmecoleonum,
1638 898 1705 951 quos
1713 892 1815 947 vocant,

201 961 369 1041 καλουμένων
382 958 529 1038 μυρμήκων
540 961 564 1017 οἱ
580 957 627 1034 μὲν
641 958 759 1017 πλεῖστοι
771 957 840 1015 κατὰ
856 956 903 1029 τὴν
912 956 984 1016 ἰδίαν

202 1054 254 1109 τῶν
266 1052 366 1108 λοιπῶν
378 1047 450 1105 οὐδὲν
462 1046 693 1126 παραλλάττουσι,
712 1044 760 1116 τὴν
772 1044 799 1103 δὲ
814 1048 865 1104 τῶν
880 1044 983 1103 αίδοίων

201 1139 276 1219 ρύσιν
287 1133 510 1216 α’πεστραμμὲνην
523 1133 636 1214 ἔχουσιν,
652 1132 770 1191 ἐναντίαν
782 1140 835 1201 τοῖς
846 1132 943 1198 ἄλλοις.

242 1246 280 1287 70.
293 1222 359 1285 'Ort
375 1228 403 1282 αἱ
417 1222 560 1301 παρδάλεις
574 1223 621 1279 οὐκ
638 1220 689 1279 etat
702 1220 821 1299 καθάπερ
831 1222 857 1277 ἐν
873 1222 926 1286 τοῖς
938 1217 981 1278 τό·
1067 1244 1109 1295 70·
1121 1225 1243 1279 Perdalcs
1257 1226 1302 1278 bic
1318 1244 1372 1279 non
1381 1236 1443 1277 sunt
1456 1224 1545 1294 quales
1558 1225 1585 1277 in
1597 1225 1682 1277 Ceriae
1695 1235 1721 1277 ct
1732 1227 1815 1296 Lyciae

163 1330 189 1369 ιο
202 1337 260 1381 ποις
273 1322 326 1380 τοῖς
345 1312 408 1392 περί
423 1310 526 1390 Καρίαν
538 1310 583 1369 καί
603 1308 713 1382 Λυκίαν,
724 1308 824 1386 μακραί
836 1305 863 1365 δὲ
881 1309 919 1384 τῷ
933 1305 985 1363 σόν·
1030 1312 1171 1376 tractibus,
1183 1312 1229 1364 sed
1241 1328 1353 1383 corpore
1363 1312 1482 1382 prolixo,
1497 1322 1523 1363 et
1538 1311 1676 1363 vulnerum
1687 1312 1815 1364 laborum-

202 1425 281 1478 ματι,
299 1400 345 1459 καί
359 1402 519 1458 κακοπαθεῖν
545 1399 572 1455 ἐν
592 1395 727 1475 τραύμασι
742 1395 788 1453 καί
802 1393 888 1461 πόνοις
901 1394 986 1451 δυνοί-
1031 1418 1082 1470 que
1091 1397 1222 1451 molestias
1233 1397 1349 1468 perferre
1359 1408 1457 1451 norunt
1469 1396 1552 1449 multo
1562 1398 1741 1462 constantius,
1756 1400 1815 1451 viri-

203 1513 281 1567 μεναι
299 1487 366 1547 πολὺ
384 1488 546 1565 μᾶλλον·τῇ
566 1483 593 1543 dl
614 1487 682 1563 ἀλκῇ
698 1488 820 1543 τοσοῦτον
837 1482 987 1563 διαφέρουσι
1030 1486 1132 1555 busque
1145 1495 1219 1537 tanto
1229 1494 1353 1555 prestant
1365 1484 1437 1546 aliis,
1452 1492 1552 1554 quanto
1560 1482 1693 1535 cicuribus
1705 1494 1815 1553 ngrcstcs

202 1583 254 1637 τῶν
269 1579 366 1648 ἄλλων,
380 1576 440 1635 ὅσον
458 1574 548 1653 ἄγριον
557 1572 669 1653 ἡμέρου.
1031 1582 1057 1624 et
1071 1570 1215 1624 indomitae.

241 1688 276 1728 ιι.
293 1665 359 1727 Ὅτι
373 1669 387 1722 ὁ
402 1663 538 1743 ῥινόκερως
548 1661 686 1741 ἐλέφαντος
697 1658 785 1737 μὲνού
799 1660 933 1729 λείπεται,
949 1661 987 1737 τῷ
1067 1677 1111 1729 71.
1135 1659 1298 1712 Rhinoceros
1324 1656 1524 1728 [lorgritudine]
1548 1656 1654 1727 quidem
1675 1674 1728 1709 non
1747 1656 1816 1709 cedit

165 1769 188 1807 ¹⁶
203 1753 230 1813 δὲ
244 1752 304 1835 ὕψει
324 1751 526 1830 καταδεέστερος
541 1749 664 1829 ὑπάρχει.
708 1750 813 1827 Χριῗνμα
826 1748 853 1805 δὲ
865 1747 921 1827 ἔχει
934 1745 985 1803 πύ·
1032 1747 1180 1819 elephanto,
1197 1745 1243 1799 sed
1262 1744 1400 1799 altitudine
1416 1743 1524 1797 inferior
1536 1754 1588 1809 est;
1606 1743 1719 1796 colorem
1738 1743 1817 1796 habet

204 1842 240 1919 ξῳ
253 1839 418 1921 παρεμφερὲς
433 1839 547 1911 εὐτελεῖ,
568 1836 614 1896 καί
632 1834 680 1907 τὴν
700 1834 768 1913 ipis
784 1839 830 1894 τοῦ
849 1835 985 1914 δέρματος.
1031 1833 1104 1886 buxo
1117 1832 1228 1886 similem
1239 1832 1283 1885 vili
1295 1841 1478 1884 ctoontnetum
1494 1829 1576 1901 pellis.
1615 1828 1770 1899 Rependum
1789 1831 1815 1881 in

203 1928 321 2006 Σιμδνδὲ
334 1930 376 1988 ἐπ’
387 1926 476 2006 ἄκρων
486 1924 617 2005 ρορεῖτῶν
630 1922 769 2002 μυκτήρων
783 1922 874 2001 κέρας,
887 1920 986 2000 σιδήρῳ
1032 1921 1140 1975 neribus
1156 1920 1207 1973 lert
1224 1937 1309 1973 cornu
1327 1917 1436 1972 adferri
1455 1919 1507 1971 vim
1521 1928 1548 1970 et
1565 1919 1679 1987 rigorem
1696 1918 1816 1987 proxime

201 2015 248 2087 τὴν
265 2016 325 2095 βίαν
337 2011 568 2096 παραπλήσιον·δ
588 2009 690 2089 τὸνμὲν
703 2012 782 2069 ἄλλον
805 2008 910 2088 χρόνον,
924 2009 987 2088 πρὸς
1031 2006 1172 2071 accedens,
1188 2005 1260 2077 quod
1270 2016 1358 2058 cetero
1370 2003 1477 2075 quidem
1486 2014 1613 2073 tempore,
1624 2001 1658 2057 td
1672 2021 1816 2074 quameun·

201 2102 233 2175 ἣν
258 2104 290 2162 διν
315 2103 413 2183 πέτραν
438 2098 636 2180 παραγένηται,
670 2098 744 2177 θήγει
768 2094 926 2177 προσόαλὼν
952 2094 986 2152 τὰ
1031 2112 1084 2164 que
1096 2094 1261 2165 approximet
1272 2102 1394 2155 cautem,
1409 2090 1482 2143 limat
1495 2088 1603 2143 admoto
1621 2100 1740 2161 pectore3
1756 2108 1815 2143 eum

1030 760 1141 831 pilisque
1161 780 1243 832 usque
1270 762 1336 817 adeo
1353 761 1451 828 rutilis,
1472 771 1502 815 ut
1518 762 1651 814 cervicum
1668 759 1740 831 jubae
1759 762 1818 815 curi

1029 1000 1147 1071 plerique
1161 1001 1274 1071 species
1290 1002 1389 1053 caeteris
1410 1001 1475 1053 nihil
1486 998 1630 1067 dilleum13
1646 1000 1816 1070 genitalium-

1030 1131 1091 1165 men
1102 1113 1143 1165 bis
1153 1123 1214 1167 sunt
1228 1132 1334 1178 eversa,
1350 1124 1534 1183 contraquam
1549 1113 1614 1166 aliis.

123 2276 195 2327 Diod.
244 2291 280 2331 σο.
296 2268 374 2330 Ἐπεὶ
388 2267 416 2326 dl
435 2270 487 2325 τῶν
502 2267 582 2324 ἐθνῶν
597 2264 642 2323 καί
663 2264 726 2343 βίων
741 2262 775 2321 rb
788 2262 919 2342 κεροίλαια
934 2264 986 2319 τῶν
1070 2268 1201 2339 67(Cnp.
1216 2266 1248 2319 35
1261 2266 1281 2338 ).
1297 2270 1356 2319 Jam
1374 2283 1437 2317 vero
1449 2265 1554 2337 populis
1562 2276 1588 2319 ct
1597 2266 1726 2330 moribus,
1739 2278 1818 2337 prout

205 2357 348 2417 δοκούντων
373 2346 439 2414 εἶναι
460 2352 615 2433 παραδόξων
630 2350 832 2427 διεληλύθαμεν,
854 2348 914 2428 περὶ
935 2352 987 2407 τιῗνν
1033 2355 1146 2407 insolens
1162 2353 1260 2425 aliquid
1275 2353 1372 2406 hebere
1385 2352 1551 2418 videbantur,
1569 2372 1617 2424 per
1630 2354 1716 2425 capita
1728 2372 1818 2406 rocen-

203 2444 284 2503 όντων
309 2444 405 2524 θηρίων
418 2442 488 2502 κατὰ
510 2441 556 2507 τὰς
570 2439 744 2516 ὑποκειμένας
763 2436 852 2518 χώρας
871 2440 898 2496 ἐν
914 2436 988 2517 μίρει
1032 2444 1098 2507 sitis,
1111 2442 1144 2495 de
1162 2442 1250 2495 bestiis
1270 2442 1348 2493 ctiam
1363 2442 1499 2510 regionum
1521 2442 1628 2495 istarum
1642 2442 1817 2514 particulatim

203 2532 324 2609 διέξιμεν.
1032 2528 1131 2599 aliquid
1146 2525 1408 2581 commemorandum
1419 2538 1467 2579 cst.

243 2639 278 2679 ιι.
293 2616 373 2679 1Ἐστι
389 2618 439 2697 γὰρ
454 2620 519 2697 ζῷον
533 2615 548 2675 8
568 2616 688 2674 καλεῖται
701 2612 748 2693 μὲν
761 2610 814 2671 ἀπὸ
829 2615 876 2670 τοῦ
888 2608 987 2686 συμόε·
1069 2634 1112 2685 71.
1121 2618 1167 2669 Est
1175 2616 1211 2669 ibi
1220 2615 1327 2679 animal,
1335 2613 1430 2685 quoda
1441 2614 1732 2687 reipsurbinooerotem
1744 2615 1753 2688 (
1765 2617 1782 2669 i.
1793 2634 1817 2669 c.

163 2725 190 2764 ²⁵
206 2706 314 2779 5²]le
325 2706 479 2787 θῑνόκῑθωίε
493 2708 561 2785 ἀλκῇ
573 2703 601 2763 δὲ
613 2703 658 2762 ml
672 2698 914 2782 βίθπαθαπλίσῑθν
928 2699 987 2756 lli·
1032 2746 1097 2781 noso
1111 2738 1253 2781 cornutum
1272 2726 1281 2799 J
1303 2736 1406 2791 vocent,
1422 2726 1577 2780 fortitudine
1597 2746 1627 2781 ae
1644 2726 1740 2779 robore
1757 2744 1819 2779 cum

204 2818 295 2873 ραντι,
323 2797 362 2875 τῷ
386 2793 414 2852 δὲ
437 2792 496 2874 ύψει
522 2791 714 2868 ταπεινότερον.
762 2788 821 2859 Τὴν
840 2786 887 2864 μὲν
910 2784 988 2863 deplet

206 2883 381 2962 ῐσρυροτοίτην
389 2882 462 2962 ἔχει,
474 2880 521 2952 τὴν
534 2882 561 2939 δὲ
569 2878 651 2959 χρόαν
665 2877 802 2947 πυξοειδῆ·
814 2876 858 2935 ἐπί
870 2876 893 2934 δ’
902 2874 989 2953 ἄκρων

1034 2838 1170 2910 elephante
1178 2835 1397 2907 comparandum,
1408 2834 1453 2888 sed
1464 2837 1551 2889 minus
1559 2853 1709 2907 procerum.
1719 2838 1820 2905 Tergus

1083 2941 1253 2997 durissimum
1269 2942 1394 3014 colorque
1411 2942 1521 2996 buxeus.
1559 2944 1591 2996 In
1602 2944 1753 2997 summitate
1773 2963 1820 2998 na·

204 2974 255 3027 τῶν
267 2969 407 3047 μυκτήρων
424 2968 496 3049 φόρει
507 2966 588 3047 κέρας
602 2969 640 3046 τῷ
653 2964 728 3044 τύπιρ
740 2963 872 3042 σιμδν,τῇ
887 2960 914 3021 δί
927 2985 989 3020 στε-
1034 2944 1057 2996 el

205 3057 308 3136 petituri
322 3051 615 3136 οιδήρῳπαρεμρερές.
659 3056 747 3114 Τοῦτο
760 3051 820 3131 περὶ
843 3054 889 3122 τῆς
908 3053 990 3126 νομῆς
1035 3049 1103 3100 rium
1123 3063 1207 3100 cornu
1222 3056 1303 3114 gestat
1318 3044 1402 3099 forme
1415 3044 1562 3116 repandum
1572 3055 1600 3098 et
1609 3045 1707 3100 duritie
1720 3045 1820 3100 lenum

238 3271 253 3334 §
264 3273 309 3323 68.
324 3265 507 3320 Artemidorus
520 3284 563 3336 up·
574 3264 696 3318 διατίθου.
706 3281 735 3336 p·
749 3267 800 3333 774
813 3264 867 3316 itu:
882 3261 992 3328 Πληθῦεῑ
1036 3267 1110 3320 lusco
1124 3267 1133 3339 (
1145 3265 1329 3319 V.Moorcrolt
1342 3267 1367 3318 in
1376 3265 1467 3318 Asiat.
1480 3269 1538 3318 lies.
1550 3267 1612 3330 XII,
1622 3283 1649 3336 p.
1662 3265 1722 3329 454.
1738 3267 1822 3317 Rittcr

202 3347 225 3396 δ’
240 3346 338 3417 ἐλέφασι
355 3344 454 3415 ἣχώρα
476 3343 559 3416 (sc-b
574 3342 622 3397 ἇπθ
636 3343 720 3414 Δείρης
741 3343 814 3413 μέχρι
827 3342 991 3410 Νύτονκίρα·
1036 3347 1119 3400 Erdk.
1135 3349 1185 3409 Ill,
1204 3363 1230 3416 p.
1255 3345 1306 3413 659
1320 3363 1378 3414 sqq.
1396 3345 1416 3416 ).
1436 3347 1466 3396 ln
1480 3344 1610 3414 AEtbiopia
1628 3342 1697 3396 idem
1712 3345 1820 3414 reperiri

203 3445 244 3487 τος
254 3429 265 3494 )
277 3426 318 3479 χαὶ
328 3425 411 3478 λέουσι
418 3427 471 3486 τοῖς
483 3423 642 3494 καλουμένοις
652 3421 786 3494 μύρμηξιν·
802 3421 991 3492 ἀπεστραμμένα
1035 3425 1132 3478 nnlmal
1153 3434 1262 3477 testetur
1275 3423 1447 3476 Philostratus
1462 3424 1496 3474 V.
1514 3422 1600 3494 Apoll.
1621 3425 1670 3487 Vl,
1690 3439 1713 3486 r,
1726 3441 1752 3493 p.
1771 3427 1820 3474 116

202 3506 224 3554 δ’
238 3504 323 3576 ἔχουσι
344 3503 376 3555 τὰ
392 3502 484 3555 alifia·
499 3504 649 3572 ppuooeoetg
668 3500 713 3567 ῐθν
728 3502 817 3571 χρόαν,
830 3501 953 3572 Ιριλότεροι
965 3497 992 3551 δὲ
1036 3504 1079 3556 ed.
1097 3503 1178 3556 Didot
1195 3519 1201 3554 τ
1218 3503 1307 3573 rpem
1325 3503 1347 3554 δ’
1366 3499 1450 3554 Ἰνδῶν
1464 3501 1506 3553 καλ
1522 3501 1644 3572 μύρμηκες
1663 3500 1785 3556 Αἰθιόπων
1800 3501 1822 3553 εί

203 3590 252 3636 τῶν
263 3583 325 3636 κατὰ
336 3580 381 3646 τὴν
397 3580 516 3651 Ἆραόίαν.
528 3585 595 3648 Quae
605 3582 627 3632 si
640 3591 710 3634 reete
719 3580 829 3643 babent,
842 3579 912 3651 apud
922 3579 991 3633 Pho-
1036 3583 1078 3635 καλ
1092 3582 1207 3653 ἀνόμοιαι
1216 3580 1261 3648 τὴν
1275 3581 1339 3635 tuto
1353 3581 1424 3645 εἰσὶν,
1437 3580 1493 3632 ἀλλ’
1505 3582 1579 3651 ὅμοιά
1588 3600 1631 3651 γε,
1642 3582 1675 3642 ὥς
1684 3600 1752 3651 φασι,
1764 3581 1821 3650 βού-

203 3665 270 3714 tium
286 3662 384 3722 λέοντες
394 3679 448 3712 non
460 3658 598 3712 dilierrent
611 3659 645 3712 eb
663 3661 695 3711 iis
705 3677 773 3730 quos
786 3658 910 3728 deinceps
929 3658 989 3728 μύρ·
1034 3662 1136 3716 λονται·
1150 3665 1242 3732 χρυσοῦ
1254 3661 1302 3732 γὰρ
1314 3661 1418 3732 φύλακες
1429 3659 1454 3714 ἐν
1469 3659 1679 3730 ἓκατέρᾳᾷδονται
1692 3659 1820 3729 τδχρνσό-

204 3741 331 3811 μηκεςῌ.
344 3759 369 3792 ο.
382 3738 797 3809 λεοντομύρμηκες)ιίίυἰῑςμοιτο
807 3739 883 3790 initio
894 3738 989 3792 Photio
1034 3761 1099 3812 γεων
1117 3747 1166 3794 τῶν
1190 3739 1296 3810 ἠπείρων
1316 3739 1491 3810 ἀσπαζόμενοι.
1519 3739 1561 3792 Cl.
1588 3737 1724 3792 lleliodor.
1747 3739 1816 3792 AErh.

203 3817 346 3872 dicendum
358 3817 448 3870 suisset
462 3835 467 3869 :
482 3816 540 3868 Ὅτι
551 3817 575 3868 oi
585 3817 682 3878 λέοντες
695 3817 704 3888 (
715 3837 752 3869 sc.
767 3817 906 3887 AEthiopiae
917 3820 927 3885 )
940 3823 989 3868 τῶν
1035 3823 1070 3886 X,
1087 3826 1137 3885 26;
1154 3820 1276 3872 Bochart.
1299 3821 1402 3872 Ηίθεοι.
1424 3822 1464 3884 ΙΙ,
1486 3837 1513 3889 p.
1538 3818 1599 3888 598,
1614 3829 1640 3870 et
1653 3835 1719 3888 quos
1733 3817 1821 3870 laudnt

203 3899 266 3951 κατὰ
284 3896 328 3963 τὴν
348 3895 457 3967 Ἆραόίαν
483 3897 616 3967 ψιλότεροι.
640 3898 685 3950 Sin
706 3897 809 3960 minus,
830 3896 991 3964 negligenter
1034 3898 1400 3962 Sclrncidcr.ndAElien.lV,
1417 3897 1723 3968 27,etHuseinStcpb.
1738 3897 1818 3951 Thes.

203 3978 297 4030 Strabo
312 3975 509 4031 Artemidorum
522 3977 660 4046 excerpsit,
675 3975 713 4027 vel
724 3976 803 4028 etiam
813 3975 941 4028 librorum
953 3976 991 4026 vi·
1036 3997 1057 4029 s.
1075 3997 1099 4030 ν.
1118 3978 1305 4049 μυρμηκολέων.

204 4057 270 4108 tium
284 4056 383 4120 subest,
395 4055 470 4125 cujus
482 4056 570 4107 nescio
581 4074 615 4107 an
628 4054 756 4107 indicium
777 4055 890 4125 prebeat
904 4055 990 4107 hiulco
1070 4059 1148 4124 §7⁰-
1173 4059 1212 4110 Ex
1232 4056 1425 4126 Agatharchide
1439 4074 1484 4108 sun
1507 4055 1624 4109 AEliunus
1648 4057 1735 4119 XVII,
1758 4057 1790 4118 43
1813 4074 1817 4109 :

203 4135 339 4188 Strabonis
350 4135 450 4198 oratio,
467 4152 527 4186 nam
543 4134 591 4186 ista
610 4135 651 4186 καὶ
669 4135 820 4204 χρυσοειδεῖς
832 4135 990 4186 inconcinne
1035 4135 1157 4206 Πόρδαλις
1170 4133 1260 4206 Ιίαρικὴ
1275 4135 1317 4189 κοιλ
1335 4134 1442 4200 λυκιακὴ
1462 4134 1505 4188 ούκ
1517 4134 1569 4187 ἔστι
1587 4135 1629 4206 μὲν
1646 4132 1750 4205 θυμικὴ,
1766 4134 1821 4186 οὐδὲ

203 4213 348 4267 admodum
370 4231 433 4265 cum
455 4223 557 4265 antece.
582 4223 735 4266 nectuntur.
762 4214 883 4266 Fortasse
910 4213 990 4282 igitur
1034 4211 1182 4283 οἴεισφόδρα
1200 4211 1286 4278 tirtel,
1305 4213 1380 4278 εἶναι,
1395 4214 1423 4266 τί)
1443 4219 1513 4282 σῶμα
1533 4213 1559 4266 δὲ
1580 4215 1672 4284 μακρά·
1688 4233 1820 4283 τιτρωσκο·

204 4293 329 4346 nonnullo
342 4292 511 4357 exciderunt,
531 4293 666 4364 possisque
685 4290 753 4346 duee
771 4291 866 4345 Photio
886 4291 991 4361 explere
1036 4294 1095 4362 μένη
1109 4293 1134 4346 δὲ
1144 4293 1185 4344 καλ
1199 4294 1284 4364 δόρασι
1295 4293 1336 4345 καλ
1348 4293 1451 4363 αἰχμαῖς
1464 4292 1591 4354 ἀντίτυπός
1605 4293 1665 4357 ἔστι,
1676 4293 1718 4344 καὶ
1732 4292 1760 4344 ού
1779 4292 1819 4362 ῥᾳ-

203 4373 359 4424 scntentiam
371 4371 444 4423 bunc
453 4369 507 4422 lere
520 4371 548 4422 in
563 4368 674 4423 modum
744 4370 835 4422 αἰδοῖα.
854 4370 904 4439 [Οἱ
916 4370 991 4422 ἄλλοι
1034 4373 1091 4432 δίως
1100 4372 1191 4443 σιδήρῳ
1202 4371 1275 4436 είκει,
1288 4375 1362 4425 τοῦτο
1377 4371 1407 4436 δὴ
1417 4373 1450 4424 -τὸ
1464 4369 1598 4442 Ὁμηρικὸν
1612 4373 1701 4443 δρῶσα·
1720 4395 1730 4420 ι
1746 4371 1781 4424 'll
1791 4371 1820 4442 ρά

204 4450 230 4503 δὲ
241 4450 337 4511 λέοντες
349 4447 453 4502 ἐνταῦθά
464 4449 511 4502 τίσι
522 4448 633 4520 δμαλολ]
648 4449 690 4500 καλ
702 4449 852 4518 γρυσοειδεῖς
869 4446 925 4501 κτλ.
940 4451 990 4502 Ce-
1034 4470 1060 4503 τε
1076 4451 1117 4503 καλ
1137 4451 1191 4520 περὶ
1203 4452 1271 4520 δουρί
1291 4453 1431 4522 πεπαρμένη
1454 4450 1498 4504 οὖα
1520 4450 1650 4523 ἀπολήγει.
1675 4454 1706 4504 In
1721 4461 1820 4522 posttr-

205 4539 291 4581 terum
306 4528 340 4580 de
352 4529 392 4581 bis
408 4528 513 4582 rideant
525 4545 615 4581 rerum
627 4529 716 4597 petiti.
738 4530 777 4580 Ex
798 4527 991 4595 Agatharchide
1036 4531 1085 4584 mis
1105 4530 1222 4584 AElianus
1236 4531 1335 4584 Curicis
1354 4530 1443 4584 bestiis
1465 4529 1557 4584 tribuit
1583 4530 1655 4600 quod
1673 4531 1768 4584 Noster
1788 4530 1822 4586 dc

205 4609 338 4659 linxerunt
349 4625 407 4676 quae
420 4607 543 4676 leguntur
556 4623 599 4676 ap.
613 4605 707 4658 AEtian.
718 4607 752 4658 N.
766 4609 817 4659 An.
831 4607 919 4671 XVII,
933 4612 967 4670 lu
982 4626 988 4659 :
1034 4609 1189 4679 AEthiopicis
1201 4621 1300 4662 namet.
1315 4613 1404 4678 Quare
1418 4621 1462 4663 aut
1472 4620 1596 4680 corrupta
1608 4621 1646 4663 cst
1656 4609 1748 4664 AEliani
1764 4627 1822 4662 nar·

209 4685 251 4737 Ἐν
261 4689 291 4756 τῇ
301 4685 444 4756 Βαόυλωνίᾳ
453 4690 487 4758 γῇ
495 4688 606 4757 γίνονται
619 4685 741 4757 μύρμηκες
752 4685 793 4737 καὶ
801 4684 886 4754 ἔχουσι
897 4685 925 4737 τὸ
935 4707 992 4739 παι·
1034 4689 1112 4753 ratio,
1125 4687 1338 4742 utScltneiderus
1348 4699 1453 4753 censet,
1463 4700 1507 4742 aut
1523 4689 1589 4742 male
1598 4699 1731 4742 auctorem
1744 4707 1822 4742 suum

204 4763 304 4817 δοποιδν
317 4768 388 4832 σῶμα
397 4763 429 4825 είς
439 4764 546 4818 τούπίσω
556 4766 779 4836 μετεστραμμένον,
791 4763 878 4825 ἇντίως
887 4767 939 4826 τοῖς
947 4765 993 4816 ἅλ-
1035 4767 1151 4822 AElianus
1164 4770 1302 4838 excerpsit.
1324 4770 1334 4838 ΙΙ
1350 4799 1386 4808 -
1402 4784 1443 4820 12.
1459 4771 1613 4821 τοσοῦτον
1629 4770 1639 4839 ]
1652 4769 1762 4840 τοσούτῳ
1773 4769 1804 4822 C.

204 4843 257 4905 λοις
275 4841 318 4896 καὶ
336 4841 452 4912 ἔμπαλιν.
469 4843 605 4897 lndioetur
625 4843 697 4896 baud
716 4842 798 4897 dubie
811 4843 881 4896 idem
894 4845 991 4898 animal
1070 4850 1084 4915 §
1105 4854 1153 4908 71,
1177 4848 1224 4900 lin.
1252 4847 1439 4919 14.Anteplv
1463 4848 1590 4902 excidisse
1610 4847 1714 4900 videtur
1739 4847 1820 4916 μήκει.

203 4922 277 4993 quod
286 4941 318 4975 ex
331 4920 444 4974 ludicdn
452 4922 624 4993 scriptoribus
632 4933 767 4994 tamquam
777 4923 886 4976 formica
897 4941 992 4976 aurum
1035 4925 1075 4978 Cl.
1092 4927 1184 4980 Strabo
1197 4944 1224 4997 p.
1242 4931 1302 4996 774.
1320 4929 1330 4996 ll
1345 4957 1381 4968 --
1404 4933 1444 4980 16.
1459 4925 1606 4998 εδτελεῗ]
1622 4928 1660 4980 sie
1671 4928 1702 4990 C,
1725 4925 1824 4990 εὐτελὴς

205 5003 307 5056 fodiens
318 5011 480 5054 memoratur
492 5003 545 5069 (V.
556 5020 615 5072 qute
628 5003 777 5056 notavimus
785 5003 818 5056 ad
828 5003 989 5072 Megasthen.
1035 5003 1060 5058 δὲ
1075 5007 1135 5059 Bet
1150 5015 1262 5058 correct.
1282 5009 1314 5058 Α.
1332 5007 1423 5076 Neque
1442 5005 1492 5059 hoe
1514 5023 1598 5076 neque
1618 5003 1681 5058 illud
1694 5003 1758 5075 quid
1772 5006 1821 5058 sibi

204 5083 237 5135 lt.
253 5085 287 5153 39
309 5085 337 5136 in
358 5087 402 5137 fr.
420 5085 488 5136 illst.
513 5093 579 5136 tom.
601 5085 637 5148 ll,
652 5101 679 5154 p.
695 5084 747 5146 434
763 5101 802 5154 sq.
818 5083 859 5136 Cl.
875 5094 931 5137 not.
956 5083 990 5136 ad
1036 5085 1106 5148 vclit,
1122 5084 1245 5153 intelligo.
1262 5085 1386 5137 Ceterum
1401 5083 1557 5137 contradicit
1568 5083 1662 5137 Strabo
1676 5083 1693 5136 l.
1711 5083 1728 5136 l.
1749 5081 1822 5135 ιούτε

205 5162 336 5215 Ctesiaesr.
347 5181 390 5232 70,
399 5181 426 5234 p.
436 5163 535 5232 95sqq.
548 5162 569 5233 ).
578 5164 663 5216 Bestia
673 5173 711 5215 cst
720 5163 988 5232 mnismagnitudine,
1035 5164 1197 5234 πύξῳχρῶμα
1210 5163 1317 5234 ἐμφερὲς,
1330 5162 1388 5215 ἀλλ’
1400 5162 1511 5234 ἐλέφαντι
1522 5163 1628 5234 μᾶλλον.
1645 5165 1656 5232 il
1670 5193 1705 5203 —
1717 5165 1748 5216 18
1771 5163 1819 5214 δ...

206 5241 289 5310 capite
309 5240 435 5305 rotundo,
456 5241 563 5293 auribus
576 5243 673 5311 parvis,
689 5242 773 5296 cauda
795 5243 881 5311 longa,
903 5242 990 5295 colore
1037 5244 1125 5313 θήγει
1140 5247 1146 5314 1
1158 5242 1455 5314 θ,.ῥήσσει(1υῑνιιίρο;
1468 5239 1508 5314 ᾧ..
1522 5242 1604 5314 ῥῆσσει
1617 5245 1660 5296 ΑΒ
1672 5252 1697 5294 et
1709 5239 1819 5294 Bcltltcr.
