3950 5925
521 372 572 437 ne
591 374 772 439 AbOindl
802 376 1026 441 srtnttstto
1047 380 1168 443 linitis
1190 382 1327 447 nsunt.
1617 403 1725 449 cxxrn

110 498 263 578 τοδσύργου
275 502 312 561 13
322 524 331 573 ;
343 501 388 560 ixi
397 504 443 561 ccii
453 504 623 583 ppooplou63
633 528 643 578 a
653 508 827 567 διιδστοδίοιν
836 504 894 586 ιι’).
944 525 1004 569 turn
1018 511 1089 570 olim
1103 512 1215 571 Uticam
1230 513 1406 571 babuissnei
1423 511 1507 571 Livio
1520 510 1617 589 (itt,
1630 517 1662 573 31
1676 518 1685 593 )
1698 527 1726 573 et

112 596 172 653 linc
181 596 327 655 secedunt
337 598 448 673 quaede
456 599 614 674 navigandi
624 602 736 661 rstiune
745 602 840 680 deque
849 623 897 681 np-
942 608 1078 683 Appiano
1100 608 1194 685 (Ροιι.
1212 629 1237 667 c.
1252 608 1307 685 75)
1324 620 1435 667 constat
1455 621 1483 665 et
1503 620 1642 667 testantur
1662 610 1727 668 reli·

109 692 254 769 pellendis
265 693 445 753 sistendisre
458 694 584 755 navibus
598 697 820 774 precipiuutur.
837 698 895 757 Cu·
943 702 1031 777 quin,
1047 721 1112 777 quer
1119 714 1181 759 arte
1194 702 1299 759 sactum
1312 714 1339 759 et
1347 702 1474 759 clausum
1487 702 1575 761 luisse
1586 704 1724 781 produnt.

107 788 241 865 jusmodi
250 790 401 847 suntista:
415 788 550 851 Ἐνττῧδιν
561 791 684 869 ἀναχθεὶς
693 792 840 871 παράπλου·
850 794 898 853 σι’-
942 796 1029 873 Apud
1041 795 1176 855 Nostrum
1193 816 1263 855 vero
1279 797 1307 873 (S
1319 798 1384 873 ιο6)
1397 796 1480 855 Utica
1493 794 1585 871 λιμένα
1598 798 1645 855 οὐκ
1659 796 1726 875 iper,

108 905 171 961 τριιι
184 883 251 941 sicis
263 880 365 963 ὑψηλοί
379 884 450 963 ((6).
464 882 528 945 ’tn
537 885 649 945 escilus
665 885 735 945 exet
747 886 898 966 ποράσλιι·
943 888 1013 947 ἀλλὰ
1024 890 1103 949 σάλον
1115 888 1180 971 ίχιι.
1195 890 1288 966 lgitur
1300 905 1358 949 turn
1372 904 1474 969 portus
1483 889 1545 969 jam
1560 904 1623 949 erat
1636 891 1725 949 obru-

109 976 616 1058 ἔχιν)δρβριίχηϋ)ηλι’(37).Τοδτοι
624 979 899 1061 τδνσόιτοννισροίττλσι
944 997 1005 1055 tus;
1030 986 1159 1045 nondum
1178 1005 1249 1044 vero
1271 986 1358 1045 luerit
1380 986 1502 1045 Ctesaris
1527 984 1726 1063 temporibus,

109 1073 165 1131 ἀπὸ
172 1078 221 1145 τῆς
233 1078 283 1152 γῆς
294 1074 415 1142 σταδίους
424 1077 448 1135 ν’
463 1076 554 1153 (ολδ).
566 1076 746 1156 Ὁρμίζσλίντ*
756 1078 837 1148 αὐτὴν
847 1080 899 1145 τοῖς
943 1083 993 1156 qui
1009 1083 1224 1139 Uticoeciassem
1233 1080 1410 1157 conscendit(
1419 1080 1489 1139 Bell.
1502 1080 1594 1138 Afric.
1611 1100 1635 1139 c.
1653 1081 1691 1157 98
1700 1082 1726 1156 );

110 1168 210 1227 ἄνοδον
229 1169 336 1245 ιἰνίμοις
349 1172 421 1246 (st).
440 1170 564 1251 Ὁρμιῖοι
582 1170 615 1229 δν
628 1176 675 1231 δι’
695 1172 775 1233 airis
787 1182 841 1241 soie
854 1176 898 1253 ἄρ’
942 1194 996 1233 nec
1008 1174 1153 1249 proximis
1167 1174 1273 1234 abhinc
1289 1174 1469 1253 temporibus
1494 1177 1575 1244 urbs,
1590 1174 1726 1233 Caesareae

109 1262 759 1345 inipeeiripoelfssl'dcpabieippitcuirimi
768 1266 898 1348 Ἑρμαίου
944 1270 1063 1329 furniliae
1076 1272 1175 1329 lavore
1184 1272 1315 1350 pollens,
1329 1272 1401 1329 artis
1414 1290 1515 1349 opera,
1530 1290 1594 1348 quae
1610 1285 1725 1349 portum

112 1358 184 1435 (93).
198 1358 327 1437 Ὁρμίζνο
336 1360 513 1439 υννδτδχὸμσ
522 1364 592 1439 (ιλ).
602 1358 654 1423 Ἐκ
660 1361 898 1443 δοξυδνοὴνᾶιιρσν
943 1380 1117 1437 tutarentur,
1129 1366 1361 1443 neglexerit.Sed
1368 1366 1484 1443 quando
1492 1366 1606 1425 demum
1616 1368 1725 1425 civium

109 1454 375 1535 δμωίρμῖζουμδ).
384 1457 493 1527 Ταύτην
503 1455 572 1535 ipos
582 1457 714 1535 ιύιίννυμον
724 1461 899 1537 προσορμίζου
941 1460 1115 1521 industriam
1147 1463 1250 1521 vicerit
1280 1460 1417 1535 bagradae
1438 1460 1519 1519 llurii
1543 1463 1588 1519 ris
1610 1462 1727 1519 lutiiero

108 1550 185 1627 (ιδ).
203 1551 322 1629 Ιίίσιίνου
341 1550 427 1619 δεξιῶς
442 1554 479 1619 τίς
494 1552 538 1613 τὸν
552 1553 718 1631 πλαταμῶνι
733 1555 805 1633 (ιι).
819 1555 899 1615 Tai-
941 1569 991 1613 aut
1005 1570 1089 1615 antee
1097 1554 1159 1634 jam
1180 1554 1297 1631 fregerit
1317 1557 1424 1613 ricinre
1447 1554 1631 1631 Carthaginis
1644 1576 1726 1615 rena·

108 1662 158 1714 πμ
171 1642 244 1724 ἔχων
258 1644 345 1714 iride
366 1646 484 1723 ιοτοίγου
498 1649 566 1727 (ιδ).
583 1648 631 1709 Ἐν
643 1650 768 1729 σἰριστιρᾷ
783 1646 900 1727 aaron
941 1668 1025 1709 scens
1038 1652 1183 1729 potentia,
1196 1664 1316 1729 propter
1327 1652 1559 1711 testimoniorum
1573 1653 1725 1730 penuriam

111 1742 182 1819 lii).
198 1743 370 1821 Κοθορόντδ
385 1743 483 1823 βρόχος
493 1742 610 1822 medrus
625 1744 899 1822 (ail‘llxeecpoprl
940 1746 1000 1805 dici
1013 1746 1123 1823 nequit.
1140 1746 1207 1825 lpse
1217 1760 1311 1805 autem
1324 1748 1483 1823 Carthago,
1497 1751 1552 1807 sub
1564 1748 1649 1824 cujus
1664 1770 1725 1806 mo·

107 1838 181 1895 ι’στιν
196 1839 291 1918 iaris-p*
314 1839 392 1899 ου’λοι
410 1838 535 1905 δυόιιολος
550 1840 619 1899 πάνυ
633 1840 714 1919 (ινδ.
733 1842 809 1917 ut).
821 1839 900 1901 Ἐπί·
941 1843 997 1901 lem
1019 1862 1107 1903 naves
1119 1842 1304 1921 appellebant
1319 1842 1389 1918 lm),
1402 1843 1506 1901 Nostro
1521 1857 1642 1901 vocatur
1654 1845 1727 1908 πόλις

108 1935 191 2001 οιιλός
207 1938 280 1995 ἔστιν
294 1940 311 1995 δ
323 1936 417 2003 τόπος·
432 1935 575 2016 ὐσρολίζου
586 1937 661 2014 (55).
686 1934 833 1997 entim
846 1958 900 1993 ne·
941 1938 1054 2013 μεγίστη
1079 1940 1106 2015 (S
1121 1940 1200 2009 ιαμ).
1217 1943 1286 2013 erae
1304 1939 1422 2015 quidem
1444 1938 1516 1998 urbs
1535 1952 1613 1997 tanta
1628 1940 1725 1999 incre·

109 2030 236 2107 ροσλίονν
249 2034 323 2111 (57).
340 2032 524 2113 diupuldum
539 2030 630 2112 (aot).
649 2032 686 2091 lit
699 2052 764 2111 quar
777 2046 845 2092 sunt
859 2034 899 2093 si·
942 2048 1106 2093 mentorum
1120 2034 1267 2093 celeritate
1283 2052 1334 2093 use
1346 2047 1400 2105 est,
1417 2046 1448 2091 ut
1456 2032 1518 2111 jam
1533 2034 1636 2093 Strabo
1648 2035 1684 2091 tle
1693 2054 1726 2091 ea

107 2126 203 2187 milia.
940 2131 1092 2207 predicet:
1115 2126 1140 2189 el
1160 2152 1198 2197 τις
1218 2128 1387 2201 ἅλληνιολῶς
1405 2131 1580 2189 obtineretis
1599 2132 1625 2189 ίν
1641 2130 1725 2207 niti,

149 2242 221 2279 aio.
231 2220 301 2281 «lam
316 2220 468 2281 videamus
477 2238 609 2299 quoennm
619 2218 690 2281 buin
700 2220 809 2300 peripli
822 2221 900 2299 parti
939 2227 1051 2299 πολεων,
1061 2240 1090 2285 et
1101 2228 1281 2304 Pomponius
1295 2226 1369 2285 Mela
1374 2234 1438 2298 jernr
1454 2233 1553 2283 iterum
1565 2230 1726 2299 operientem

112 2319 239 2375 nauticae
251 2318 344 2376 insint
356 2331 504 2377 momenta
521 2318 740 2393 chronologice.
752 2315 787 2375 lu
798 2316 901 2394 Libyae
940 2321 1028 2381 «licut.
1040 2320 1082 2379 Ne
1097 2335 1191 2381 tamen
1206 2322 1241 2379 ad
1255 2320 1316 2379 baec
1332 2322 1402 2381 novi
1418 2322 1585 2399 splendoris
1599 2324 1726 2399 prirnor-

110 2432 162 2471 ora
175 2426 380 2475 memorantur
389 2413 492 2475 (nstra
505 2413 635 2475 Cornelii
645 2434 711 2473 cunt
722 2426 900 2493 portuegre·
940 2414 989 2475 dia
999 2428 1109 2477 areum
1122 2416 1275 2495 scriptoris
1285 2418 1378 2475 nostri
1386 2418 1534 2492 pertinere
1546 2436 1724 2487 censeamus,

110 2510 201 2583 gioin
211 2532 274 2586 quo
288 2530 377 2569 nares
383 2530 494 2586 magnas
500 2512 809 2588 soleentbibernarels
820 2513 899 2586 125).
941 2513 1107 2590 impediunt
1117 2532 1181 2590 quae
1192 2512 1228 2569 de
1238 2513 1305 2571 aliis
1317 2511 1420 2589 Libyae
1433 2512 1551 2589 oppidis
1564 2513 1595 2569 in
1610 2512 1724 2589 periplo

113 2604 267 2680 Ejusmodi
294 2620 412 2684 portum
438 2608 550 2685 oppido
570 2608 617 2667 vel
638 2609 707 2667 vino
729 2608 900 2667 destitutum
940 2608 1119 2667 referuntur.
1134 2606 1275 2665 Videlicet
1285 2606 1529 2684 quemadmodum
1541 2605 1627 2663 Utica
1639 2618 1725 2683 portu

112 2704 204 2761 luisse
218 2704 272 2759 vix
285 2704 442 2779 quisquam
457 2703 626 2763 crediderit.
642 2704 766 2766 attutit
777 2704 900 2765 Caesaris
939 2722 1039 2761 carere
1055 2702 1176 2773 dicitur,
1195 2701 1238 2761 sic
1255 2702 1444 2761 Adrumetum
1466 2720 1584 2779 quoquc
1599 2701 1670 2760 urbs
1683 2714 1727 2759 est

111 2796 299 2873 temporibus
324 2798 438 2869 locum,
461 2798 515 2859 ubi
536 2800 691 2861 Cornelius
716 2802 788 2859 olim
807 2812 901 2859 castre
940 2797 1062 2875 σλίμινος
1083 2798 1111 2877 (s
1128 2799 1205 2875 116).
1222 2798 1318 2873 Igitur
1332 2798 1441 2857 cothon
1454 2798 1530 2875 ejus,
1556 2816 1643 2874 quern
1657 2797 1726 2855 llir-

112 2904 236 2949 nretatus
254 2904 328 2964 erat,
343 2893 474 2953 nondum
498 2894 588 2955 luisse
600 2894 761 2955 habitatum
778 2914 815 2955 ex
827 2896 899 2955 licii.
939 2894 1100 2970 tiuslssell.
1113 2893 1203 2953 Afric.
1214 2914 1239 2952 c.
1253 2894 1358 2968 baffi)
1372 2905 1524 2964 memorat,
1532 2892 1592 2970 jam
1601 2910 1725 2949 evanue·

110 2987 177 3048 (liv.
190 2987 232 3063 lt,
247 2997 284 3056 at
299 2991 346 3066 (ν.
358 3003 422 3052 not.
432 2991 468 3048 sd
477 3011 508 3068 p.
525 2999 582 3064 tm
593 2993 698 3069 )lacile
709 2992 895 3068 intelligitur.
940 3002 996 3062 rat,
1008 2989 1093 3050 sicuti
1104 2990 1156 3066 qui
1169 3001 1269 3066 postea
1281 2987 1323 3048 ibi
1334 2987 1371 3048 ab
1384 2989 1530 3052 brabibus
1542 3001 1725 3050 constructus

110 3083 218 3142 Strabo
228 3084 401 3144 Castrorum
411 3087 529 3146 illorum
540 3107 601 3147 non
612 3089 756 3148 meminit.
769 3087 900 3165 Pompo-
940 3097 984 3142 est
998 3097 1100 3162 portus
1112 3084 1246 3160 egregius
1258 3103 1334 3142 nunc
1345 3085 1408 3162 ipse
1416 3105 1533 3162 quoque
1547 3085 1619 3142 adeo
1630 3084 1724 3142 borni·

111 3181 180 3238 nius
192 3180 270 3238 Mela
282 3180 344 3254 lll,
361 3203 377 3255 7
394 3182 481 3242 habet
493 3183 612 3261 quidem
633 3199 728 3242 emero
747 3177 898 3260 lanian),
940 3198 1009 3238 nurn
1025 3183 1138 3240 incuria
1151 3180 1298 3255 neglectus
1313 3180 1406 3256 jaret,
1422 3194 1454 3238 ut
1471 3181 1501 3238 in
1518 3179 1725 3241 salo.rraribus

111 3291 205 3333 casua
216 3280 364 3346 Conretia,
385 3297 445 3337 non
457 3281 529 3340 satis
545 3293 642 3340 tamen
655 3281 749 3356 liquet
762 3299 799 3338 an
812 3280 900 3358 oppi·
939 3274 1155 3334 subsistendum
1165 3274 1212 3332 sit.
1220 3273 1726 3350 Similiterleptisllagnalrpircois

113 3371 232 3430 domari
248 3373 795 3436 nibilnisiloeurohisroriscelebrem
807 3376 899 3452 signi·
940 3370 1117 3448 ίχιι(593);
1144 3371 1282 3428 nimirum
1300 3371 1414 3448 priscus
1428 3383 1531 3446 portus
1546 3383 1615 3426 tunc
1627 3370 1725 3426 arenis

113 3467 347 3541 fimevoluerit,
362 3470 627 3548 praesertimquum
635 3470 751 3532 Plinius
760 3469 796 3541 V,
809 3470 825 3526 3
838 3490 900 3528 non
940 3465 1065 3525 obrutus
1087 3478 1158 3536 erat,
1178 3478 1210 3524 ut
1231 3466 1389 3524 etiamnum
1415 3463 1517 3520 vidore
1535 3476 1594 3536 est,
1621 3463 1725 3520 dirutis

115 3562 258 3638 oppidum
278 3563 327 3622 vel
347 3564 446 3622 vicum
469 3563 520 3623 sed
541 3569 630 3624 locum
650 3567 753 3624 Castro
768 3567 901 3622 Cornelia
940 3561 1068 3620 molibus
1079 3581 1144 3638 qua
1163 3561 1272 3619 lluxum
1295 3561 1384 3620 maris
1399 3572 1428 3617 et
1441 3559 1567 3618 eluviem
1584 3572 1723 3618 arcerent.

110 3660 332 3734 consignaverit
341 3659 401 3737 (*’).
413 3661 520 3721 Tutius
530 3659 639 3738 jande
648 3661 760 3738 oppido
771 3661 901 3736 cogitare
938 3655 1004 3714 Jam
1021 3677 1091 3714 vero
1106 3675 1196 3733 quum
1217 3655 1316 3730 leptis
1328 3653 1384 3712 sub
1404 3653 1541 3712 Romanis
1561 3654 1725 3731 imperato-

109 3757 179 3814 licet
191 3757 270 3834 apud
283 3756 470 3816 Ptolemaeum
488 3756 537 3827 tt,
552 3757 602 3831 35
616 3759 635 3814 6
651 3757 662 3832 (
677 3753 823 3834 Κορνηλίω
841 3777 901 3812 πο·
940 3751 1024 3810 ribus
1032 3747 1463 3825 eximiellorerctetaSeptimio
1471 3747 1579 3806 Severo
1586 3750 1723 3818 maxime,

110 3850 265 3930 ρεμὸολή),
291 3853 401 3930 quippe
419 3855 471 3930 qui
495 3854 560 3912 loca
579 3851 743 3912 inhabitata
767 3871 821 3910 nec
840 3851 899 3911 nisi
940 3849 1030 3908 cuiea
1040 3847 1111 3908 urbs
1121 3844 1724 3926 patriaerat,splendidissimismonumen·

110 3947 219 4023 priscis
232 3949 336 4006 castris
349 3947 461 4005 nobilia
474 3959 576 4006 notare
588 3967 647 4005 non
659 3947 760 4006 soleat.
775 3945 832 4004 Sed
844 3946 899 4012 lroc
941 3947 978 4005 tis
1001 3958 1166 4014 ornaretur,
1189 3957 1318 4022 portum,
1341 3943 1529 4001 utilissimum
1556 3942 1725 3998 divitiarum

113 4055 147 4099 ut
158 4055 191 4100 ut
203 4055 266 4113 est,
281 4041 411 4102 dubitari
422 4044 541 4120 nequit,
554 4043 628 4121 quin
642 4042 726 4102 vicus
740 4043 772 4100 in
783 4041 900 4102 Castro·
941 4042 1182 4110 instrumentum,
1202 4057 1218 4096 a
1239 4039 1347 4096 Severo
1365 4055 1472 4113 susque
1489 4037 1582 4112 deque
1594 4035 1725 4092 habitum

114 4157 179 4194 rum
199 4138 298 4196 locum
318 4157 378 4196 non
403 4140 575 4199 successerit
598 4151 665 4198 ente
690 4151 821 4215 tempora
843 4139 900 4198 Au·
941 4135 1144 4211 undarumque
1170 4132 1302 4192 ludibrio
1317 4131 1466 4208 proditum
1491 4147 1553 4188 esse
1567 4148 1652 4186 nemo
1664 4147 1723 4184 non

113 4235 208 4308 gristi3
235 4253 291 4292 nec
315 4235 413 4292 minus
437 4233 632 4312 probabiliter
651 4247 760 4294 statuas
780 4245 899 4310 portum
940 4249 1007 4288 eum
1026 4229 1156 4298 barthio,
1171 4227 1339 4286 doctissimo
1358 4225 1458 4302 Libyae
1469 4223 1662 4300 exploratore,
1674 4241 1724 4278 ne-

114 4329 201 4385 istum
212 4347 231 4384 a
241 4328 340 4386 nautis
352 4327 527 4386 hibernandi
538 4347 624 4387 causa
637 4341 699 4388 turn
712 4327 829 4386 demum
840 4327 898 4384 ire·
941 4325 1064 4401 guerit.
1090 4325 1190 4402 ltaque
1205 4336 1269 4401 post
1285 4341 1393 4380 annum
1415 4341 1473 4378 aoo
1488 4341 1516 4398 p.
1531 4319 1562 4379 C.
1579 4318 1723 4396 peripluur

113 4424 249 4499 quentari
276 4437 403 4501 creptum
427 4443 490 4482 esse
515 4443 607 4500 qutun
634 4423 788 4500 proximus
808 4421 900 4480 Uticae
940 4411 1724 4497 scriptumessepersuasurnestnlbalterapartebeptis

113 4531 216 4596 portus
230 4519 294 4576 luto
304 4532 334 4576 et
347 4538 435 4576 arena
455 4519 569 4576 inutilis
582 4529 724 4576 evaserat.
738 4519 811 4574 Nem
832 4535 919 4597 μοι»,
942 4514 1013 4572 urbs
1028 4515 1124 4572 Nostri
1140 4511 1321 4590 temporibus
1340 4509 1468 4567 nondum
1492 4506 1579 4566 bellis
1594 4508 1725 4565 Asturiu-

139 4771 172 4830 (')
185 4770 285 4818 cestra
297 4767 380 4818 intio
394 4767 404 4826 (
418 4765 493 4815 netto
510 4765 590 4825 code..
605 4769 692 4828 pentec
711 4777 787 4814 unum
807 4763 901 4824 Paris.)
921 4761 1020 4812 attonde
1033 4771 1082 4810 non
1096 4761 1161 4810 note.
1176 4759 1260 4811 timeio
1272 4771 1302 4808 sn
1317 4757 1366 4808 buc
1386 4756 1503 4820 pertineat
1520 4754 1649 4806 hodiernus
1661 4751 1726 4802 locus

111 4841 184 4888 tiron
195 4838 363 4898 (sicsmytir,
380 4836 450 4885 linio
462 4836 534 4885 Bartb
546 4835 571 4884 in
581 4848 668 4898 cuppa
677 4837 696 4895 ),
711 4847 785 4898 prope
795 4847 868 4896 qrrenr
878 4835 976 4882 costra
992 4831 1111 4881 cornelia
1123 4829 1253 4892 querenda
1266 4839 1319 4876 esse
1328 4829 1435 4876 censent.
1550 4897 1555 4906 ι
1702 4893 1706 4904 Ι

140 4911 184 4970 (“)
195 4909 269 4966 Quod
289 4905 406 4958 nuntius
426 4905 623 4966 tt'nnderrtnpen
638 4908 657 4963 t,
673 4918 697 4965 p.
710 4910 765 4964 tit,
786 4907 836 4954 not.
853 4905 972 4954 nlubet:
992 4923 1003 4944 ο
1019 4904 1109 4952 Plinius
1124 4905 1198 4950 neunt
1215 4913 1246 4949 arr
1268 4899 1348 4961 irgend
1361 4899 1426 4947 einer
1437 4897 1510 4946 stelle
1532 4897 1665 4943 cirecestre
1686 4903 1725 4972 ern

112 4981 233 5040 oppidum
241 4977 460 5040 stipendiarium,
475 4976 520 5024 wie
533 4976 638 5023 ¹ttorcelti
649 4974 748 5024 antiibrt
756 4995 779 5032 ο,
793 4975 881 5025 frustra
896 4973 995 5036 quadri
1006 4973 1029 5021 in
1042 4971 1126 5031 Plinio,
1138 4972 1180 5034 qui
1193 4970 1359 5018 corneliorum
1369 4969 1517 5024 castrorum,
1528 4965 1645 5026 qrrmtorn
1655 4975 1724 5024 equi·

112 5048 163 5096 ιλνιι
173 5051 237 5108 scio,
250 5047 348 5097 nonnisi
368 5047 422 5094 loeo
432 5047 531 5094 laudato
540 5045 658 5093 meminit.

140 5119 196 5179 (···)
207 5119 323 5182 ὀρμίζοο
331 5116 380 5165 υπὸ
391 5117 420 5164 sb
429 5120 502 5177 χῶροι
515 5116 599 5164 Noster
607 5115 649 5165 ait.
662 5111 833 5164 Adrnorendm
846 5111 885 5162 iris
899 5112 977 5162 verbis
985 5115 1037 5162 erat
1051 5111 1118 5161 locus
1129 5109 1227 5172 appiani
1243 5107 1266 5156 in
1278 5111 1337 5158 Pun.
1353 5120 1375 5156 e.
1391 5114 1432 5156 itt
1446 5125 1452 5154 ι
1466 5106 1488 5160 λς
1499 5105 1526 5152 τὸ
1538 5108 1609 5165 χῶμα
1626 5103 1725 5162 νοτίου·

112 5202 158 5248 τον,
170 5190 196 5237 ὃν
205 5191 252 5250 πρὸ
260 5193 305 5238 τοῦ
319 5187 416 5248 τείχους
428 5186 561 5247 ιὺρυρονρον
571 5183 681 5246 ἐμπόροις
693 5185 715 5238 te
727 5183 829 5231 διάθεσιν
841 5187 888 5232 τῶν
900 5183 999 5246 popolus
1008 5182 1125 5244 ἐγεγοιηιο
1139 5183 1165 5228 ia
1180 5181 1266 5228 πολλοῦ
1286 5179 1323 5228 Ci.
1342 5181 1438 5228 Dureau
1454 5174 1484 5224 tle
1500 5175 1521 5222 ln
1535 5175 1604 5222 ltlulle
1620 5172 1726 5221 iicrlrrr·

111 5255 219 5306 circino
230 5259 259 5306 in
279 5254 451 5317 iornoropirie
467 5253 498 5302 tie
514 5255 641 5315 ccrttaeape
655 5267 678 5316 p.
691 5259 730 5302 52.
