3950 5925
131 420 184 497 pe
649 396 657 403 '
837 423 1038 488 ermerus.
1707 450 1740 502 1³

129 553 252 633 πυρώδεις
267 552 514 633 ῥόακεςένέόαλλυν
531 553 628 627 alceir
648 552 787 614 deberetne
830 555 914 637 Ὴγῆ
959 572 1003 639 gui
1030 581 1159 625 torrentes
1178 574 1246 642 ignei
1266 576 1294 627 in
1320 592 1392 629 mare
1412 574 1623 631 effundebantur.
1662 582 1744 637 Terre

130 645 152 699 δ’
167 640 215 699 ὑπὸ
228 641 326 721 θέρμης
338 640 438 710 &ms
450 633 494 715 ἦν·
958 670 1067 729 propter
1081 660 1193 713 calorem
1208 662 1336 717 inaccessa
1350 675 1415 717 erat.

167 749 203 789 ta.
224 727 304 807 Ταχὺ
317 718 363 787 οὖν
380 732 501 788 κᾶκεῖθεν
524 727 680 809 potentine
697 721 913 804 detritionem.
998 750 1039 799 16.
1058 745 1202 800 Confestim
1218 749 1297 817 igitur
1315 752 1392 803 etiam
1408 751 1470 804 binc
1484 763 1555 805 metu
1565 754 1676 825 perculsi
1691 754 1743 808 dis-

127 816 581 897 Τίπαραςδ’ἡμὲραςφερόμενοι,
599 816 688 883 νυκτὸς
702 816 751 886 τὴν
765 821 813 895 γῆν
826 820 913 897 ἄνεω·
958 833 1093 885 cessimus.
1131 834 1192 887 Post
1202 835 1549 908 cursumdicrumquuttuor
1558 852 1638 893 noctu
1649 852 1743 895 terram

130 908 215 982 ρῶμεν
229 904 324 985 φλογὸς
336 903 453 980 μεστήν·
470 907 496 963 tv
507 902 581 984 μέσῳ
593 903 616 961 δ’
631 896 664 974 ἧν
675 904 801 975 ἠλίόατόν
815 911 913 985 τιπῧμ,
959 918 1183 989 conspiciebamus
1204 920 1316 974 flammis
1335 923 1467 977 refertam.
1505 928 1536 978 ln
1555 926 1643 979 medio
1656 939 1743 981 autem

128 995 180 1049 τῶν
197 992 285 1050 ἄλλων
300 996 400 1067 μεῖζον,
412 990 572 1068 ἁπτόμενον,
582 994 617 1057 ὡς
624 992 721 1064 ἐδόκει,
735 996 787 1050 τῶν
800 992 914 1073 ἄστρων.
958 1014 1014 1057 erat
1025 1004 1141 1059 excelsus
1158 1006 1265 1077 quidem
1278 1019 1303 1060 et
1314 1011 1407 1061 ceteris
1426 1010 1510 1081 major
1524 1012 1604 1080 ignis,
1618 1014 1685 1083 ipsa,
1706 1016 1743 1067 uti

127 1080 252 1139 'tentet
271 1080 369 1161 ἡμέρας
383 1079 442 1161 ὄρος
453 1080 573 1161 ἐφαίνετο
586 1078 718 1158 μέγιστον,
733 1082 810 1141 Θεῶν
822 1079 914 1162 ὄχημα
960 1092 1107 1158 ridebatur,
1130 1105 1238 1163 tangens
1256 1106 1334 1148 astra.
1373 1100 1399 1150 Is
1419 1099 1535 1152 interdiu
1553 1102 1745 1171 apparuitesso

128 1169 300 1245 καλεόμενον.
958 1197 1035 1231 mons
1047 1178 1200 1244 altissimus,
1218 1182 1263 1251 qui
1277 1181 1370 1233 Thetin
1383 1184 1499 1237 Ochema
1513 1196 1629 1239 vocatur.

168 1276 203 1317 17.
227 1260 349 1335 Tprteior
362 1257 385 1315 δ’
400 1258 498 1319 ἐκεῖθεν
507 1255 637 1335 πυρώδεις
647 1256 747 1337 ῥύακας
755 1258 915 1338 rependeri-
999 1282 1039 1333 ¹7·
1061 1267 1129 1318 Hinc
1147 1265 1228 1318 tridui
1243 1261 1407 1336 navigatione
1429 1279 1558 1322 torrentes
1573 1273 1661 1339 igneos
1680 1291 1745 1343 prae·

129 1366 221 1409 σαντες
240 1343 389 1423 όυικόμεόα
400 1345 436 1409 εἰς
450 1344 548 1401 κόλπον
563 1343 649 1402 Νότου
663 1343 748 1423 Κέρας
761 1344 910 1421 λεγόμενον.
958 1354 1065 1403 terrccti
1078 1353 1105 1403 in
1120 1353 1207 1404 sinum
1220 1354 1349 1417 venimus,
1360 1356 1406 1424 qui
1418 1356 1479 1407 Noti
1491 1357 1569 1409 Ceras
1583 1356 1688 1410 dieitur.

170 1454 204 1492 te.
228 1432 275 1491 Ἐν
289 1431 318 1489 δὲ
338 1434 376 1511 τῷ
392 1433 472 1511 μυχῷ
484 1435 562 1502 νῆσος
580 1422 623 1508 ἦν,
643 1433 912 1512 letaniae-papum,
997 1440 1038 1492 18.
1059 1441 1091 1490 In
1112 1439 1184 1491 sinus
1208 1456 1310 1492 recessu
1334 1440 1417 1493 insula
1434 1453 1489 1495 erat
1509 1444 1592 1513 priori
1617 1443 1652 1497 illi
1674 1446 1745 1497 simi·

128 1520 224 1596 λίμνην
239 1519 352 1598 ἔχουσα·
367 1519 414 1577 καὶ
434 1522 461 1578 ir
482 1520 564 1597 ταύτῃ
577 1524 653 1591 νῆσος
671 1512 811 1599 delaissa,
829 1520 913 1597 μεστὴ
958 1524 1004 1589 lis;
1020 1542 1080 1577 nam
1100 1523 1184 1577 lacum
1204 1524 1325 1589 babebat,
1354 1528 1379 1577 io
1400 1544 1455 1597 quo
1474 1527 1557 1580 insula
1578 1539 1633 1581 erat
1656 1527 1744 1592 altera,

128 1584 276 1687 ἀνθμόπων
292 1608 399 1688 ἀγρίων.
443 1608 518 1667 Πολὺ
541 1606 568 1666 δὲ
582 1608 687 1675 πλείους
701 1600 768 1681 ἦσαν
779 1614 912 1687 γυναῖκες,
958 1611 1054 1663 rct'crta
1075 1611 1226 1663 bominibus
1247 1611 1416 1665 silvestribus.
1455 1614 1536 1666 Erant
1555 1624 1641 1666 autem
1663 1617 1746 1669 multo

128 1701 232 1755 δασεῖαι
245 1697 300 1763 τοῖς
314 1697 449 1771 σώμασιν·
465 1696 496 1763 ἃς
509 1698 532 1755 oi
553 1697 676 1774 ἑρμηνέες
696 1698 805 1756 ἐκάλουν
820 1698 914 1777 sepel-
959 1698 1048 1768 plures
1067 1698 1189 1751 mulieres
1209 1697 1316 1750 hirsutis
1332 1698 1498 1769 corporibus,
1517 1717 1581 1769 quus
1594 1701 1747 1771 interpretes

127 1787 187 1853 λας.
229 1782 415 1851 eremitati
430 1784 526 1864 ἄνδρας
538 1783 586 1861 μὲν
599 1784 800 1843 collatrarent
814 1783 912 1856 ἠδυνή-
960 1782 1219 1836 Gorillasvocabant.
1257 1784 1311 1835 Nos
1320 1795 1504 1855 persequentes
1516 1786 1696 1856 virosquidem
1706 1806 1748 1841 ca·

126 1966 205 2007 essct.
223 1980 236 2000 ι
249 1956 297 2007 His
305 1954 552 2007 addeMannerrum
563 1955 616 2025 (X,
627 1972 655 2019 α,
668 1973 696 2025 p.
709 1958 760 2023 ⁵⁰9
773 1954 794 2026 ),
806 1957 851 2024 qui
860 1953 916 2025 ῥόα·
961 1954 1175 2024 promontorium
1187 1954 1290 2006 initium
1303 1955 1375 2005 sinus
1385 1957 1513 2025 posueris,
1524 1956 1603 2009 millia
1613 1968 1674 2011 sunt
1687 1975 1746 2024 112,

125 2035 247 2095 ucistos
258 2050 351 2085 revera
359 2033 631 2097 lluviosessecenset,
644 2035 690 2103 qui
709 2034 851 2101 ignitorum
862 2051 919 2103 spe·
960 2031 1029 2083 odeo
1045 2041 1075 2083 ut
1096 2032 1123 2083 in
1141 2030 1212 2083 diem
1230 2032 1393 2084 numeranda
1413 2036 1465 2084 sint
1484 2034 1563 2087 millia
1585 2036 1628 2104 37.
1651 2036 1716 2089 lnde
1734 2056 1750 2090 a

126 2116 195 2167 ciem
206 2112 382 2183 prebuissent
393 2129 447 2164 non
456 2112 534 2164 aliam
545 2112 581 2164 ob
590 2131 695 2165 musam
705 2114 755 2164 nisi
764 2111 837 2182 quod
847 2113 919 2179 ignes
961 2112 1075 2165 Gambia
1089 2112 1116 2162 in
1130 2129 1233 2163 summa
1247 2122 1309 2163 sunt
1321 2114 1372 2173 482
1386 2112 1481 2177 millia,
1497 2132 1555 2183 quae
1568 2116 1636 2167 inter
1650 2116 1750 2169 duode-

125 2195 155 2245 in
166 2192 305 2244 montibus
315 2192 417 2244 accensi
429 2208 558 2275 aquqmrn
567 2191 733 2263 superficiem
745 2192 822 2259 igneo
834 2190 918 2261 splen·
962 2193 1014 2243 cim
1025 2190 1081 2242 dies
1093 2188 1176 2243 divisa
1189 2190 1297 2258 singulis
1315 2190 1409 2243 diebus
1423 2192 1545 2245 tribuunt
1556 2194 1635 2247 millia
1647 2198 1751 2249 circiter

125 2270 196 2321 dore
209 2269 412 2321 illuminassent.
962 2268 1145 2338 quadraginta.
1159 2300 1195 2309 -
1208 2268 1296 2321 Insula
1311 2270 1345 2321 ab
1360 2272 1490 2323 Hannone
1507 2284 1651 2327 memorata
1667 2275 1751 2329 Uker·

163 2352 262 2415 §rdet
277 2365 321 2416 ¹7·
336 2347 419 2399 Θεῶν
441 2348 578 2418 ὄχημα...
594 2346 696 2401 Νότου
713 2350 817 2419 κέρας]
828 2350 868 2401 De
879 2349 920 2402 bis
963 2357 992 2399 to
1007 2348 1016 2419 (
1032 2359 1097 2401 tom.
1113 2352 1141 2413 l,
1159 2367 1183 2412 r,
1204 2353 1238 2401 66
1251 2348 1260 2419 )
1273 2368 1328 2401 esse
1343 2350 1446 2402 videtur
1459 2350 1587 2403 Plantoin
1603 2352 1698 2406 island.
1720 2356 1751 2408 ld

124 2428 203 2481 hune
214 2430 242 2478 in
249 2425 362 2479 modum
375 2426 650 2497 exponitllennelius:
665 2428 707 2480 Ab
716 2430 826 2500 Hesperi
835 2446 921 2481 cornu
962 2446 1027 2480 vero
1038 2429 1125 2481 minus
1140 2428 1204 2481 mibi
1215 2428 1352 2499 probatur.
1367 2431 1434 2481 Nam
1452 2431 1588 2483 Hannonis
1603 2432 1686 2485 insula
1697 2451 1750 2487 nen

126 2524 214 2577 usapue
228 2504 262 2558 ad
278 2515 396 2557 montem
406 2506 501 2557 Theon
514 2504 624 2557 ochema
636 2517 698 2557 sunt
707 2517 842 2575 quattuor,
857 2506 920 2559 binc
963 2506 992 2558 in
1008 2508 1131 2572 introitu,
1152 2507 1198 2560 sed
1212 2508 1237 2561 ἐν
1253 2513 1288 2578 τῷ
1303 2514 1375 2579 μυχῷ
1391 2513 1435 2561 τοῦ
1452 2510 1545 2562 κόλπου
1564 2512 1696 2577 siluerat,
1710 2525 1750 2576 et,

124 2587 164 2638 ad
177 2588 268 2637 sinum
280 2587 344 2637 Noti
353 2602 424 2637 ceras
438 2595 491 2637 tres
504 2583 561 2636 dies
572 2586 754 2654 navigationis.
765 2589 825 2639 Jatn
838 2587 860 2638 si
873 2601 923 2657 per
964 2588 1040 2640 sicuti
1054 2589 1128 2657 prior
1141 2588 1198 2653 illa,
1219 2588 1305 2640 lacum
1320 2589 1348 2639 in
1362 2606 1447 2658 coque
1458 2588 1564 2642 alteram
1580 2591 1691 2644 insulam
1707 2593 1752 2645 be·

124 2676 231 2737 septem
242 2665 302 2716 dies
311 2682 463 2735 pergamus,
477 2665 514 2715 ita
521 2674 552 2716 ut
563 2665 591 2715 in
601 2664 716 2732 singulos
725 2665 807 2717 millia
816 2667 922 2735 triginta
965 2665 1052 2717 bebai.
1069 2667 1131 2719 Hec
1147 2668 1168 2717 si
1184 2668 1376 2738 comparaveris
1394 2684 1455 2719 cum
1474 2680 1593 2721 accurata
1605 2672 1677 2721 sinus
1689 2670 1753 2723 deli·

125 2758 191 2796 octo
202 2753 404 2814 computentur,
418 2741 590 2813 perducimur
608 2741 642 2794 ad
656 2742 768 2795 insulam
782 2744 921 2807 Plantam,
965 2748 1102 2807 neatione,
1128 2746 1231 2817 qualem
1254 2749 1281 2799 in
1304 2749 1406 2817 mappis
1429 2748 1536 2801 exhibui
1558 2748 1750 2821 (secundeum

126 2840 190 2890 quae
217 2819 394 2891 quadraginta
416 2820 471 2872 sere
484 2821 597 2873 millibus
619 2832 679 2892 post
700 2832 817 2876 montem
836 2822 923 2875 Sierrn
965 2824 1034 2875 Plan
1050 2823 1082 2876 de
1098 2824 1124 2876 la
1141 2824 1237 2877 ririe're
1256 2824 1287 2877 dc
1306 2826 1438 2888 Sdrrdoro,
1457 2828 1513 2880 leae'
1524 2848 1554 2880 en
1572 2832 1637 2882 1826
1651 2848 1705 2901 par
1718 2832 1753 2883 les

127 2903 212 2950 Irene
230 2898 358 2950 occurrit.
371 2899 435 2951 Haec
449 2916 510 2950 vero
528 2897 613 2951 insula
626 2917 686 2951 cum
698 2900 730 2951 iis
745 2918 804 2971 quae
816 2900 923 2955 suntad
965 2900 1078 2970 officiens
1102 2901 1133 2953 de
1155 2902 1180 2953 ln
1205 2916 1318 2956 corrrtte
1334 2909 1431 2967 [arvern
1451 2906 1585 2978 cupitaine
1601 2911 1643 2960 W.
1658 2913 1690 2964 F.
1709 2914 1751 2964 W.

126 2980 349 3050 prorrrontorium
370 2983 515 3039 Str-Anne,
540 2980 678 3032 introitum
702 2979 922 3046 ellieiuntsinus,
968 2983 1234 3045 Orrrn,inscrtumin
1248 3001 1254 3036 2
1270 2984 1421 3038 Grrtedela
1435 2987 1490 3038 crite
1503 2987 1753 3060 occi‹!.‹l'Afrique;

127 3061 176 3128 qui
191 3069 304 3110 rooetur
312 3057 383 3126 golse
393 3057 556 3111 chderboro
571 3057 698 3134 (Sdcrbro
708 3059 794 3111 sottnd
805 3060 826 3131 ),
839 3058 924 3113 sonna
965 3060 1054 3130 partie
1065 3060 1191 3131 conrprise
1202 3073 1272 3114 cretae
1290 3063 1326 3114 tes
1343 3063 1389 3115 lles
1400 3062 1432 3114 de
1449 3068 1500 3116 Los
1517 3076 1541 3116 et
1553 3065 1575 3116 le
1592 3085 1643 3138 cap
1659 3072 1751 3139 Lepos.

126 3149 155 3189 et
167 3139 254 3206 ligura
265 3155 328 3188 eum
343 3137 404 3188 sinu
413 3139 522 3208 Hesperi
532 3154 618 3191 cornu
630 3139 832 3208 comparandus.
845 3141 924 3190 Mons
967 3140 1053 3208 Dr'pdt
1070 3138 1177 3205 gerre'ral
1185 3138 1216 3190 de
1238 3140 1264 3192 la
1278 3141 1387 3203 nrarine,
1409 3143 1475 3194 1833
1488 3144 1508 3214 )‚
1522 3142 1634 3196 dubium
1646 3163 1701 3198 esse
1710 3167 1754 3199 ne·

127 3227 219 3268 autem
232 3217 281 3285 qui
294 3214 400 3268 medius
412 3217 481 3268 inter
494 3227 636 3286 utrumque
648 3217 734 3268 sinum
751 3228 923 3281 memoratur,
967 3217 1025 3286 quit
1045 3219 1183 3270 Hannonis
1205 3220 1316 3272 insulam
1336 3240 1408 3275 nunc
1423 3225 1509 3275 vocari
1528 3225 1674 3294 Maenades.
1692 3229 1755 3280 llaec

127 3295 199 3346 θεῶν
212 3297 317 3364 ὄχημα,
332 3296 354 3346 is
365 3305 404 3348 eut
418 3297 465 3365 qui
479 3314 551 3348 nunc
571 3295 669 3348 dicitur
688 3300 789 3362 &egres
812 3300 926 3367 Aperte
967 3296 1038 3363 enim
1056 3297 1082 3349 in
1096 3299 1153 3368 ipso
1167 3299 1239 3350 sinus
1255 3317 1358 3352 recessu
1383 3301 1473 3354 insule
1493 3303 1615 3355 Sdcrboro
1635 3307 1755 3374 proxime

129 3374 291 3426 ‹xx-identali
312 3374 386 3426 sinus
403 3373 515 3441 Bissago
531 3379 581 3428 180
599 3374 715 3427 millibus
732 3374 828 3440 distat,
852 3375 927 3448 quod
968 3373 1084 3444 adjacet,
1099 3387 1125 3428 et
1137 3379 1164 3428 in
1174 3376 1286 3430 occiduo
1296 3378 1375 3432 latere
1385 3391 1437 3432 tres
1446 3380 1525 3432 babet
1536 3384 1626 3444 sinus,
1640 3400 1754 3452 quorum

130 3453 301 3505 intervallum
321 3471 382 3504 eum
405 3464 530 3524 quattuor
548 3453 653 3509 dierum
672 3455 837 3525 navigatione
857 3458 927 3511 bene
968 3471 1037 3506 unus
1051 3455 1127 3507 aliam
1142 3457 1252 3510 insulam
1267 3459 1394 3511 eontinet.
1408 3461 1540 3511 Hactenus
1554 3459 1587 3512 de
1603 3463 1703 3514 ratione
1713 3465 1753 3516 iti-

131 3531 255 3600 qusdrat.
268 3533 926 3591 Etenimorainterllior‘l‘mrezetslrrrdominnoo
967 3535 1038 3586 neris
1049 3537 1199 3588 Hannonei.
1221 3566 1257 3575 -
1277 3539 1353 3605 Ignes
1370 3556 1483 3608 quorum
1502 3537 1553 3590 hoe
1571 3557 1677 3610 quoque
1696 3541 1755 3592 lora»

133 3610 197 3661 mill.
219 3608 417 3678 longitudinem
429 3621 565 3679 porrecta,
581 3612 609 3663 in
627 3614 779 3666 universum
790 3615 925 3684 perliumi·
968 3617 1065 3667 Hanno
1085 3617 1220 3679 meminit,
1245 3616 1272 3666 in
1291 3634 1368 3669 causa
1386 3617 1508 3681 suerunt,
1530 3637 1578 3670 cur
1593 3621 1754 3687 ignivomum

132 3688 164 3738 lis
171 3699 227 3752 est;
236 3690 348 3757 triginta
358 3687 468 3740 demum
480 3689 519 3741 rel
529 3691 702 3760 quadraginta
713 3692 747 3744 ab
757 3711 803 3746 ora
814 3694 927 3746 millibus
968 3702 1086 3745 merrtem
1099 3691 1216 3746 dicerent
1230 3695 1396 3764 posteriores.
1409 3695 1477 3747 Mela
1487 3698 1540 3760 111,
1550 3716 1566 3765 9
1577 3713 1583 3748 :
1600 3698 1676 3750 Ultro
1687 3699 1754 3751 deinc

134 3769 160 3818 in
170 3767 369 3820 mediterraneo
382 3778 465 3820 tractu
475 3768 556 3821 altum
570 3767 665 3838 jugum
678 3773 807 3840 assurgit;
822 3772 926 3825 duobus
966 3771 1055 3824 sinam
1079 3773 1126 3844 (in
1149 3792 1203 3844 quo
1217 3774 1377 3827 Gorillarum
1400 3774 1484 3827 insula
1499 3774 1508 3845 )
1523 3794 1595 3828 rrrons
1614 3777 1703 3838 altus,
1725 3790 1755 3830 at

133 3857 221 3899 tanuen
233 3847 300 3899 locis
309 3847 433 3900 bracchia
440 3847 560 3918 quedam
567 3848 708 3918 bujusjugi
719 3869 802 3920 usque
812 3851 846 3903 ad
856 3870 927 3904 mare
969 3851 1056 3902 Gracci
1072 3864 1165 3904 rocam
1181 3851 1264 3904 θεῶν
1283 3854 1390 3924 ὄχημα
1406 3854 1542 3926 perpetuis
1555 3855 1660 3920 ignibus
1675 3857 1755 3908 excel·
1775 3851 1783 3874 ⁶

44 3948 49 3956 ·
133 3937 313 3995 pnicum-uun
330 3944 444 3996 quorum
461 3928 572 3979 alterum
590 3939 628 3980 cst
647 3947 725 3980 mons
738 3929 925 3994 SierraLeoae,
968 3946 1015 3981 aas
1024 3931 1133 3997 flagrat.
1148 3932 1247 3984 Plinius
1259 3935 1308 3996 vt,
1325 3933 1376 3985 35:
1393 3937 1420 3986 A
1434 3933 1519 3986 inedia
1532 3935 1754 4006 ejus(mcridiani

135 4004 248 4056 alterum
263 4004 365 4056 abhoc
380 4004 461 4056 50-55
477 4005 540 4057 mill.
558 4005 656 4058 distans
674 4026 749 4059 mons
767 4013 868 4074 Sngrcs,
882 4010 927 4078 qui
969 4008 1108 4079 AEtlrlopiae
1121 4009 1207 4062 lateris
1223 4011 1230 4082 )
1241 4025 1319 4083 parte
1340 4012 1474 4065 imnrinens
1487 4013 1555 4065 nrrrri
1567 4033 1638 4066 raons
1652 4016 1755 4068 eternis

136 4101 219 4152 quum
228 4102 245 4135 c
259 4082 387 4154 depresso
397 4082 474 4136 litore
488 4086 608 4138 inauras
621 4086 762 4151 attollatur,
780 4086 859 4156 hujus
875 4106 928 4140 orae
969 4086 1045 4138 ‹rr-‹lct
1062 4087 1176 4153 ignibus,
1195 4093 1219 4142 T
1217 4091 1279 4142 dedu
1293 4091 1396 4143 oedernn
1406 4090 1503 4144 dictare.
1518 4091 1559 4144 Cl.
1574 4091 1643 4143 idem
1657 4094 1692 4157 V,
1713 4111 1736 4146 r.

136 4165 210 4231 quasi
222 4162 352 4214 dominus
362 4174 388 4215 et
399 4173 487 4215 custos
496 4175 619 4235 apparet,
630 4176 657 4218 et
666 4185 681 4218 a
691 4168 757 4219 mari
769 4166 928 4220 advenienti·
1007 4169 1021 4234 S
1042 4169 1083 4219 18.
1098 4167 1236 4237 Ιύμὶλλας]
1257 4194 1268 4214 ι
1284 4171 1346 4222 Sine
1361 4169 1442 4223 dubio
1454 4189 1485 4222 ca
1498 4180 1537 4222 est
1550 4172 1685 4223 simiarum
1700 4191 1756 4243 spe-

137 4239 187 4293 bus
198 4241 340 4309 singularis
351 4241 459 4312 quidam
480 4253 568 4296 vertex
583 4262 639 4296 esse
652 4245 767 4310 videtur,
781 4263 864 4315 quum
877 4247 929 4298 col·
970 4245 1037 4311 cies,
1049 4263 1107 4314 quae
1116 4249 1325 4315 neme-ommia
1332 4259 1448 4301 vocatur.
1460 4251 1499 4301 Ex
1514 4259 1569 4302 tota
1583 4248 1758 4321 descriptione

138 4319 188 4384 les,
203 4320 374 4390 quibuscum
389 4319 580 4372 mediterraneo
599 4323 730 4374 montium
748 4333 832 4375 tractu
846 4323 930 4376 cobae-
972 4322 999 4375 id
1012 4323 1106 4393 liquet;
1123 4344 1183 4377 nam
1199 4326 1305 4379 hirsutae
1314 4338 1404 4391 crant,
1423 4327 1588 4391 mordebant,
1600 4329 1756 4383 lacerabant.

139 4408 194 4461 ret,
208 4397 301 4450 oculos
316 4397 423 4451 lateant.
439 4400 535 4450 Denuo
549 4410 667 4452 montem
682 4398 885 4454 detexitl‘iedro
894 4401 928 4454 de
972 4400 1064 4468 Quid?
1085 4421 1149 4455 nurn
1163 4404 1316 4456 bominibus
1338 4416 1388 4456 tam
1415 4404 1486 4458 lacile
1507 4406 1580 4476 pellis
1601 4405 1757 4471 dctralritur,

139 4475 524 4549 Cintra(an.1462),eujus
537 4479 601 4530 socii
623 4479 778 4533 altissimum
792 4482 928 4546 omnium,
971 4498 1052 4549 apuam
1074 4481 1178 4534 bestiis?
1192 4485 1238 4535 ttae
1248 4485 1329 4536 sirnlae
1341 4483 1501 4538 silvestribus
1511 4484 1663 4538 bominibus
1676 4485 1759 4540 forma

140 4561 207 4624 quos'
218 4573 337 4626 unquam
349 4554 930 4628 vidissent,assecredelrant.Sagresnoruen
972 4578 1115 4630 gressuque
1125 4562 1220 4615 similes
1232 4574 1338 4627 sunt,ct
1350 4563 1564 4634 propterindolis
1575 4565 1715 4619 sollertiam
1726 4567 1759 4619 ad
1814 4603 1817 4609 -

140 4634 238 4688 babere
263 4634 347 4688 sertor·
368 4654 383 4688 a
405 4636 525 4698 oestetto,
551 4636 624 4705 quod
648 4639 777 4690 exstruxit
801 4641 930 4692 Henricus
973 4640 1077 4692 servilia
1094 4641 1236 4694 ministeria
1248 4643 1346 4694 institui
1366 4653 1484 4715 possunt.
1501 4647 1589 4711 Quam
1606 4644 1641 4696 ob
1655 4664 1759 4698 causam

140 4715 263 4785 prinecps
274 4713 449 4783 Portugnllus.
464 4714 591 4767 ATbeirn
607 4715 743 4769 ocbemate
755 4717 883 4788 usquead
895 4720 929 4771 si·
972 4717 1104 4788 indigenae
1122 4721 1271 4774 existimant
1291 4733 1378 4774 mutos
1399 4723 1535 4788 homines,
1558 4725 1603 4792 qui
1623 4735 1759 4794 propterea

141 4811 205 4845 num
216 4795 283 4847 nuri
294 4813 369 4846 cerus
379 4812 463 4864 quurn
474 4804 527 4846 tres
539 4793 639 4847 luerint
654 4796 754 4848 itineris
769 4795 842 4861 dies,
856 4797 930 4851 facilc
973 4797 1046 4868 loqui
1067 4800 1165 4864 nolint,
1186 4819 1219 4852 ne
1240 4800 1273 4852 nd
1297 4801 1398 4853 labores
1419 4802 1599 4874 suscipiendos
1622 4813 1758 4871 cogantur.

140 4871 271 4940 colligitur
293 4891 348 4925 non
372 4890 449 4942 posse
466 4873 574 4940 eogitari
588 4871 622 4926 de
639 4875 699 4926 sinu
723 4875 815 4928 Sierrae
835 4877 931 4930 Leone
974 4880 1050 4931 Hanc
1065 4880 1216 4950 opinionem
1229 4881 1348 4950 inprimis
1361 4881 1513 4951 Mandingi,
1528 4885 1670 4951 Nigrorum
1682 4901 1761 4950 gens,

144 4948 262 5022 (quippe
275 4953 323 5022 qui
338 4952 532 5021 quinquaginta
543 4950 671 5005 duntaxat
684 4953 799 5006 millibus
815 4954 930 5020 distans,
974 4957 1179 5028 amplectuntur,
1195 4961 1239 5030 qui
1256 4961 1301 5012 bas
1314 4960 1402 5012 simias
1419 4962 1552 5014 'Ilurrallas
1570 4971 1673 5013 rorant.
1687 4964 1761 5030 lnge·

141 5029 219 5080 nimis
228 5030 296 5081 foret
308 5030 477 5099 propinquus
489 5026 511 5100 ),
521 5028 567 5081 sed
584 5030 612 5082 in
624 5032 748 5084 Sderdom
759 5033 846 5085 sinum
860 5052 933 5086 ruen-
975 5039 1048 5090 niosa
1063 5050 1101 5091 est
1120 5040 1198 5107 Hngii
1220 5038 1385 5107 conjectura,
1404 5039 1455 5092 hoe
1468 5059 1563 5094 nornen
1579 5039 1648 5092 idem
1661 5058 1716 5092 esse
1731 5061 1761 5093 ac

141 5124 213 5158 suras
229 5127 278 5160 nos
291 5107 438 5159 deducere.
455 5109 597 5161 Introitum
613 5109 670 5179 ejus
682 5112 703 5163 si
718 5113 787 5164 iuter
804 5113 933 5166 lertat'n
975 5117 1107 5180 Gorillns,
1131 5135 1214 5188 quum
1235 5117 1299 5170 nibil
1318 5117 1419 5171 facilins
1434 5121 1459 5171 in
1474 5122 1601 5191 scriptura
1618 5124 1760 5191 permutari

142 5187 249 5239 insulam
263 5197 290 5240 et
305 5185 407 5239 insulas
421 5187 522 5239 Sancte
545 5191 629 5241 Annae
651 5201 766 5256 statuas,
781 5191 933 5247 distantiae
975 5200 1058 5268 possit
1077 5199 1314 5269 quamTopelrlla
1329 5211 1353 5251 et
1370 5200 1524 5268 Γοριλλα.
1541 5202 1760 5272 Mannertus(l(‚

141 5269 229 5332 Sagres
239 5277 331 5320 rnorrte
347 5277 387 5318 est
400 5265 512 5320 millium
527 5269 680 5336 92;sinud
696 5272 781 5341 ipsunt
799 5273 825 5324 S.
848 5277 930 5327 aene
977 5294 1004 5342 2,
1018 5295 1045 5348 p.
1071 5279 1142 5350 510)
1164 5277 1231 5332 leros
1251 5278 1347 5332 incolas
1361 5281 1560 5352 insula*[quam
1584 5286 1665 5351 llassy
1686 5281 1763 5334 luisse
