3950 5925
646 366 887 426 srrnusnus
907 363 1032 425 naurs
1055 332 1193 425 nien.
1665 385 1718 436 nr

128 516 166 553 o.
196 495 262 557 Ἀπὸ
276 498 321 553 τοῦ
333 493 414 571 Χιμδι
428 494 473 553 ἐπὶ
485 494 530 553 τὸν
543 496 662 555 Γλαῦκον
675 496 775 554 στάδιοι
789 496 826 556 π’.
975 508 1002 555 6.
1023 504 1153 557 animo
1164 503 1197 556 ad
1209 503 1338 559 Glaucum
1353 506 1435 558 stadia
1448 509 1489 561 8ο.

131 604 168 645 7.
198 581 265 644 'Arri
284 587 330 641 τοῦ
345 582 467 642 lta-‘nv
481 585 516 649 εἰς
534 580 720 661 Ἀντῖρρας-
733 583 812 649 σάλος
825 582 895 641 ἐστὶν
975 606 1002 657 7.
1024 592 1045 641 Α
1063 589 1163 642 Glauco
1175 588 1208 641 ad
1224 591 1500 660 Antiphras—salum
1522 611 1585 647 oetas
1599 595 1724 649 habet-

68 671 89 724 ὁ
107 668 269 737 τόπος-
280 669 380 727 στάδιοι
393 668 433 730 π’.
940 670 1023 725 stadia
1042 676 1085 726 ao.

128 777 170 815 8.
199 757 264 815 Ἀπὸ
278 759 330 815 τῶν
346 756 486 836 ’λντιρρῶν
499 754 543 814 tet
556 754 604 826 τὴν
618 754 719 833 Δάρροιν
732 790 770 800 -
782 753 896 835 ὕρορμός
975 760 1002 810 8.
1024 759 1065 811 Ab
1078 760 1215 829 Antipbris
1226 759 1259 811 ad
1279 763 1390 813 Derrarn
1405 761 1462 827 (ol.
1476 763 1571 815 Derrin
1583 767 1592 832 )
1603 796 1638 805 -
1649 769 1725 821 statio

31 866 50 903 5
73 842 155 899 ἐστι
173 842 290 921 θερινὸς,
301 842 347 901 καὶ
361 842 431 921 ὕδωρ
444 842 499 922 ἔχει
509 876 551 889 -
563 843 663 901 στάδιοι
676 843 709 910 ζ’.
940 844 1031 897 subest
1041 846 1143 909 estiva,
1157 856 1183 899 et
1194 864 1289 917 aquam
1301 848 1373 899 locus
1388 847 1466 901 babet
1477 879 1513 889 --
1524 849 1605 903 stadia
1618 870 1652 919 90
1664 853 1724 923 (tf).

20 1032 27 1043 .
81 1059 333 1118 Mediterraneum
342 1054 483 1127 pabit-dmg
493 1065 523 1105 a,
533 1054 574 1105 a„
585 1053 815 1126 Hydmgraplrical
825 1055 900 1125 office
942 1052 989 1107 εἶτ’
1007 1056 1023 1121 ἢ
1044 1056 1124 1126 Δέρρις
1141 1055 1228 1127 λιμὴν,
1246 1057 1397 1127 καλούμενος
1415 1058 1490 1119 οὕτως
1506 1058 1546 1110 διὰ
1557 1058 1601 1123 τὴν
1622 1061 1726 1129 πλησίον

19 1143 20 1146 ’
81 1138 132 1203 os
147 1140 199 1189 the
218 1136 379 1205 Adntimlty.
399 1133 486 1187 Lond.
503 1134 580 1202 1839.
596 1137 684 1204 Rupes
700 1132 755 1187 illas
770 1152 899 1204 aquarum
941 1135 1030 1203 πέτραν
1041 1136 1157 1203 μέλαιναν
1170 1136 1246 1205 δέρρει
1261 1136 1379 1189 ἐοικυῖαν·
1397 1136 1545 1206 ὀνομάζουσι
1557 1138 1583 1190 δὲ
1602 1140 1642 1191 καλ
1653 1141 1727 1211 Ζερύ-

19 1221 20 1290 ζ
86 1216 280 1287 superficiem
291 1217 445 1282 attingentes
456 1223 548 1281 auctor
566 1222 738 1265 nostervooat
752 1214 831 1282 βράχη
850 1212 899 1266 ἐπι·
942 1230 994 1280 ριον
1012 1212 1055 1264 τὀν
1068 1212 1171 1279 πλησίον
1188 1215 1277 1267 τόπον·
1292 1214 1331 1267 εἶτ
1349 1212 1424 1274 άλλος
1444 1213 1519 1284 λιμὴν
1539 1216 1670 1280 britannie
1688 1223 1729 1273 καὶ

18 1362 19 1368 1
83 1289 754 1365 φαινόμενσ,οἰου1537ὴολιοσβράχηἴνῑρηλάεῑς
773 1290 806 1360 57
817 1291 897 1360 ppdrm
942 1290 1017 1342 ἄλλοι
1030 1292 1136 1353 πλείους.
1153 1294 1212 1344 lluc
1228 1292 1350 1346 accedere
1360 1291 1443 1344 videri
1459 1294 1541 1363 possit
1555 1296 1633 1347 series
1643 1302 1727 1352 norni-

18 1381 19 1388 ’
93 1376 235 1444 μετέωρα.
251 1375 374 1426 Ceterum
386 1369 511 1441 usquead
521 1370 617 1422 Chimo
632 1370 719 1421 vicum
729 1368 800 1440 apud
812 1370 898 1424 Ptole·
942 1386 1006 1421 num
1016 1370 1088 1441 apud
1101 1371 1246 1423 Hieroclem
1261 1389 1289 1441 p.
1305 1372 1355 1441 733
1371 1370 1502 1434 rllrborla,
1520 1370 1652 1443 ’λντιφρὼ(
1662 1378 1727 1445 sie),

18 1523 19 1533 ρ
94 1473 212 1506 meeum
222 1454 335 1523 pertinet
351 1450 424 1516 ἢτοῦ
436 1450 570 1520 Μαρεώτου
582 1452 660 1519 νομοῦ
671 1448 798 1517 παράλιος.
941 1448 1041 1517 Δάρνιςς
1061 1459 1087 1501 at
1105 1450 1199 1502 Darnis
1213 1467 1266 1502 non
1286 1460 1325 1501 est
1344 1460 1463 1501 nostrum
1478 1451 1577 1514 Derris,
1599 1450 1644 1503 sed
1663 1453 1726 1507 hod,

142 1536 159 1600 S
181 1538 210 1587 6.
225 1530 371 1582 Γλαῦκον
381 1529 390 1598 ]
399 1527 554 1581 Ptolemaeus
564 1536 693 1579 memorat
703 1525 814 1578 Γλαῦκον
824 1525 898 1595 άτιρον
943 1527 1062 1589 Demad,
1075 1546 1105 1580 ac
1114 1529 1224 1581 omnino
1238 1528 1369 1581 Hierocles
1382 1529 1409 1579 in
1422 1528 1586 1581 recensendis
1597 1529 1660 1581 locis
1674 1550 1729 1585 non

96 1609 208 1679 (quod
229 1619 322 1660 eontra
344 1618 407 1659 vett.
423 1614 585 1675 preceptum
607 1605 635 1656 in
655 1604 766 1656 Γλουτιδν
788 1603 899 1657 mutarit
942 1605 1007 1657 solet
1021 1606 1141 1658 ordinem
1158 1624 1249 1658 eorum
1265 1605 1466 1675 geogmpbicum
1478 1608 1624 1659 accuratius
1636 1608 1726 1662 obser-

17 1681 22 1713 ²
95 1690 247 1756 Wilberg.
265 1688 302 1739 V.
325 1684 445 1737 Eustatb.
465 1700 494 1753 p.
506 1684 633 1750 podia)
648 1692 675 1734 et
689 1682 899 1751 aboopromoo-
942 1700 1013 1735 rare.
1033 1684 1155 1737 Straboni
1178 1696 1265 1737 autem
1286 1695 1313 1736 et
1336 1684 1476 1737 Ptolemaeo
1499 1686 1612 1738 innitens
1630 1687 1730 1739 Gallius

98 1769 181 1821 todo
190 1783 313 1818 0111111111
326 1781 417 1815 versus
429 1763 457 1813 ἱ11
469 1760 666 1813 medltfflwels
677 1759 787 1811 steens
799 1759 898 1824 locum,
942 1762 1106 1831 perturbatas
1115 1762 1270 1833 esseperipli
1279 1763 1392 1815 rationes
1402 1772 1428 1814 et
1436 1762 1509 1815 bunc
1521 1762 1573 1815 lere
1581 1765 1608 1816 in
1619 1764 1729 1816 modurn

17 1861 18 1870 ¹
99 1850 151 1899 oui
169 1849 199 1899 in
212 1864 258 1898 ora
269 1841 411 1913 respondet
419 1842 448 1893 in
454 1838 549 1893 eodem
557 1837 728 1907 longitudinis
740 1838 824 1907 gradu
835 1840 899 1891 situs
942 1840 1107 1893 adornandas
1118 1842 1219 1893 censuit
1230 1856 1237 1892 ε

17 1925 18 1955 ³
101 1927 248 1985 Λεύκασπις
261 1923 337 1992 λιμήν
352 1921 362 1992 (
375 1945 387 1966 ι
400 1920 502 1989 Depuis
515 1917 632 1971 Abousir
644 1915 750 1986 jusqu’ia
763 1917 789 1971 la
802 1915 901 1986 pande
943 1922 967 1971 A
980 1918 1082 1972 Glauco
1095 1918 1177 1990 (lon.
1187 1916 1301 1971 tamid
1312 1919 1322 1987 )
1336 1916 1370 1971 ad
1385 1918 1539 1988 leucaspim
1552 1918 1589 1987 (l.
1601 1920 1727 1991 Dresielt)

16 2005 19 2037 ¹
105 1997 490 2069 Alaboltlerivageetleplus
499 1993 901 2065 souventlormeparunedigue
974 2014 977 2018 ·

16 2097 17 2100 Ἴ
104 2080 145 2134 de
157 2075 570 2145 ffloeblmmm'mp‘
582 2072 899 2144 ¹⁹)'1npfflpbm’
944 2114 1053 2169 Indead
1064 2118 1100 2169 Ze
1118 2116 1135 2168 b
1169 2114 1311 2183 'um(l'rt
1332 2118 1370 2168 D'
1453 2114 1458 2125 '
1501 2114 1518 2167 λ
1609 2117 1622 2168 3

106 2178 200 2231 quum
217 2158 324 2219 Γλαῦκος
342 2156 415 2209 locus
429 2154 577 2207 aceuntius
596 2170 650 2205 non
665 2151 816 2216 deliniatur,
834 2168 901 2204 non·
1100 2134 1177 2207 Nn
1269 2134 1285 2169 ⁰
1313 2153 1320 2169 ⁸
1353 2133 1501 2202 simum
1525 2120 1535 2183 )
1593 2133 1603 2167 ¹
1625 2135 1643 2170 ⁰

108 2239 186 2290 nulla
198 2237 316 2290 omisisse
324 2234 409 2287 soeiba
423 2231 571 2285 censendus
579 2240 628 2293 est,
641 2230 718 2283 sicuti
729 2231 822 2283 ceteris
833 2247 901 2299 quo·
943 2193 1011 2324 {¹¹3⁸
1022 2192 1055 2323 ’ἒ
1066 2196 1163 2323 Βθΐῖιῗι
1172 2210 1259 2264 Pmm'
1274 2191 1410 2263 (efflas)
1607 2211 1643 2263 9⁰

110 2335 167 2386 que
185 2316 259 2379 locis,
278 2314 326 2367 ubi
343 2312 416 2366 nuda
432 2312 542 2364 nomina
554 2309 705 2379 apposuisse
719 2308 782 2361 satis
797 2307 899 2361 babuit.
959 2290 976 2322 ⁰
996 2290 1032 2323 ⁰³
1063 2274 1144 2343 ΛΜΨ
1164 2288 1205 2323 ‘⁸⁸
1611 2274 1654 2326 ⁸⁰·

109 2396 254 2449 Probabile
264 2410 328 2445 vero
340 2389 421 2443 estad
436 2389 516 2442 verba
525 2387 566 2441 tet
577 2389 621 2440 τὸν
633 2386 744 2439 Γλαῦκον
758 2386 901 2439 subintelli·
945 2389 1051 2457 Quibus
1067 2388 1189 2442 ludibriis
1209 2389 1345 2442 immorari
1357 2387 1429 2441 haud
1448 2399 1530 2442 raoat.
1547 2390 1649 2459 Quodsi
1671 2410 1731 2463 per·

111 2474 232 2543 gendum
241 2490 297 2525 esse
305 2470 407 2539 λιμένα,
422 2466 490 2521 adeo
500 2476 532 2519 ut
546 2476 664 2536 portum,
677 2480 756 2533 quem
766 2464 902 2517 Λεύκασπιν
946 2468 1084 2520 functoria
1095 2468 1202 2531 rationi,
1219 2484 1271 2536 σοι
1289 2484 1336 2519 ora
1351 2467 1449 2537 Libyca
1462 2468 1533 2538 apud
1542 2470 1696 2525 Strabonem
1705 2480 1733 2523 et

112 2553 270 2605 Ptolemaeus
285 2565 346 2601 cum
365 2544 493 2598 Strabone
513 2541 587 2606 dieit,
606 2543 701 2593 Noster
717 2543 902 2609 cognominem
945 2545 1114 2599 Pwlemeum
1127 2563 1160 2597 ex
1176 2543 1284 2608 eodem,
1303 2555 1333 2597 ut
1351 2542 1464 2607 videbar,
1480 2544 1551 2597 sonte
1562 2544 1730 2614 describitur,

113 2630 207 2683 lecerit
215 2630 274 2681 vico
282 2626 322 2679 rel
328 2622 428 2696 oppido
438 2620 638 2675 mediterraneo.
649 2621 903 2689 Utrumqoenomen
946 2622 1072 2693 majorem
1078 2640 1157 2694 quam
1167 2622 1311 2677 Stadiasruo
1320 2633 1412 2676 nostro
1421 2622 1500 2675 tidem
1511 2624 1625 2677 tribuere
1635 2635 1732 2681 temere

113 2710 149 2762 de
156 2707 249 2762 eodem
259 2707 318 2759 loco
324 2702 445 2773 usurpari
452 2710 564 2771 poterat,
573 2716 655 2769 quum
664 2698 770 2767 γλαυκὸς
777 2698 904 2765 significet
946 2701 1018 2764 velis,
1027 2702 1148 2753 statueris
1154 2710 1199 2753 aut
1207 2699 1299 2753 alteras
1310 2700 1453 2771 Antipbras
1462 2699 1540 2753 sitisse
1549 2702 1617 2755 inter
1627 2706 1732 2757 Derrim

114 2788 249 2847 δπόλευτιος
264 2785 300 2855 (ν,
314 2785 402 2852 Etym.
412 2783 451 2833 Μ.
462 2798 490 2850 p.
501 2780 564 2841 233,
576 2793 620 2841 ao,
631 2777 691 2831 coll.
703 2776 823 2829 Eustntb.
835 2777 901 2830 inll.
946 2788 973 2831 et
990 2779 1120 2833 Glaucum
1130 2781 1141 2847 (
1153 2780 1227 2831 sicuti
1241 2778 1290 2831 alia
1299 2778 1418 2831 locorum
1434 2779 1542 2832 nomina
1555 2781 1648 2851 sepius
1660 2800 1733 2852 repe·

116 2884 145 2937 p.
166 2870 226 2927 ινδ,
240 2880 268 2914 11
281 2865 302 2930 ).
313 2859 393 2927 Quod
405 2857 559 2911 Ptolemaeus
570 2855 707 2923 distinguit
718 2856 786 2907 inter
796 2866 903 2925 portum
946 2869 1041 2911 tuntur
1061 2860 1087 2910 in
1115 2874 1161 2910 ora
1187 2857 1284 2926 Libyca
1299 2860 1325 2923 ),
1347 2868 1393 2909 aut
1410 2856 1444 2909 de
1463 2859 1570 2911 nomine
1597 2860 1663 2923 vici,
1686 2863 1732 2931 qui

119 2940 279 3013 leuoesptda
289 2950 315 2992 et
325 2939 454 2993 Glaucum
470 2937 559 3003 vicum
571 2934 809 2997 mediterraneum,
822 2932 850 2986 id
861 2952 905 2988 ne-
947 2938 1080 3006 octoginta
1102 2953 1118 2989 a
1139 2934 1239 2988 Glauco
1250 2934 1334 2988 stadia
1350 2934 1450 2989 distans
1465 2937 1572 2991 navium
1593 2939 1732 2993 stationem

118 3027 173 3076 scio
183 3041 216 3075 an
227 3036 364 3092 perperam
377 3017 430 3068 liat.
443 3015 548 3067 Etenim
562 3014 666 3083 Libyeae
674 3031 728 3064 orae
739 3013 904 3083 regionisque
947 3015 1052 3080 babuit,
1063 3025 1196 3067 auctorem
1206 3014 1298 3085 peripli
1309 3032 1417 3067 errasse.
1430 3015 1529 3068 sertem
1542 3033 1603 3068 vero
1614 3015 1733 3073 locorum

119 3106 142 3158 ei
162 3102 289 3173 proximae
306 3095 448 3165 descriptio
468 3094 634 3146 vehementer
646 3091 717 3161 apud
734 3091 903 3146 Ptolemaeum
949 3113 983 3147 ne
998 3105 1092 3147 mutes.
1108 3093 1148 3148 Cl.
1163 3103 1219 3145 not.
1231 3090 1322 3160 ad§8.
1335 3095 1458 3146 Ceterum
1469 3095 1620 3164 Antipbrdn
1634 3100 1733 3151 mentio

121 3180 227 3232 laborat.
240 3180 332 3246 Neque
340 3173 457 3244 expediri
469 3169 783 3243 possunttmpediments.
795 3169 845 3220 ⁰1⁸1
854 3179 904 3222 stt·
948 3175 1064 3226 occurrit
1077 3174 1154 3224 etiam
1167 3173 1194 3223 in
1211 3170 1340 3241 Synodion
1355 3170 1496 3237 Gennadii,
1513 3175 1540 3225 in
1552 3191 1605 3243 qua
1619 3174 1732 3228 subseri·

120 3271 177 3311 tuas
187 3257 336 3310 adhibuisse
346 3265 482 3312 auctorem
490 3252 586 3322 partim
597 3249 712 3320 periples
720 3249 816 3318 partim
829 3246 904 3302 itine-
947 3249 987 3303 bit
1001 3250 1113 3321 apollon
1126 3248 1255 3318 ’λντίρρων
1268 3250 1350 3317 (sic).

121 3339 200 3400 roria3
211 3338 259 3388 bos
271 3346 358 3387 autem
371 3332 466 3394 lentas,
478 3347 563 3400 quum
575 3327 666 3380 eadem
685 3344 752 3396 sepe
766 3326 822 3378 loca
833 3345 904 3380 eom·
983 3331 999 3396 ς
1012 3331 1038 3381 8.
1054 3327 1108 3394 τὴν
1122 3329 1243 3398 Δέρραν
1256 3329 1266 3397 J
1277 3327 1306 3379 rb
1316 3329 1405 3398 Δέρριιν
1417 3326 1515 3392 codem
1529 3327 1557 3380 rb
1568 3328 1656 3399 dlppor
1667 3331 1732 3386 male

123 3425 304 3478 memorarent,
319 3430 405 3484 ττοιμιο
415 3411 449 3464 de
462 3408 615 3463 nominibus
628 3423 714 3476 neque
725 3405 759 3458 ‹te
774 3405 905 3459 distantiis
948 3404 1032 3458 edidit
1055 3408 1157 3459 iriarto.
1179 3405 1299 3458 Straboni
1322 3416 1361 3460 est
1376 3406 1456 3475 Δέρρις
1470 3405 1559 3476 λιμήν;
1580 3408 1733 3462 Ptolomeus

123 3496 218 3565 ubique
232 3503 405 3546 consentanea
418 3487 584 3561 prodidisse,
598 3484 712 3554 indeque
726 3483 823 3536 lactum
834 3501 903 3548 esse,
949 3495 1077 3537 memorat
1088 3484 1170 3554 Alppn
1186 3483 1271 3554 άκραν.
1287 3485 1370 3536 Vetus
1382 3500 1479 3541 nomen
1498 3487 1615 3552 agnoscis
1627 3487 1653 3538 in
1667 3487 1730 3541 hod.

123 3584 151 3625 ut
171 3573 256 3625 tabula
275 3571 443 3638 effingeretur
460 3582 556 3636 parum
569 3564 713 3624 «nnciam,
734 3563 762 3614 in
780 3579 833 3631 qua
846 3579 905 3631 quae
948 3561 1067 3614 Dresielr.
1079 3563 1208 3616 Distantia
1224 3561 1368 3614 stadiorum
1382 3561 1406 3630 ζ’
1419 3562 1556 3632 (sicenim
1572 3563 1620 3632 leg.
1632 3583 1681 3636 pro
1689 3565 1732 3636 ζ’)

124 3652 280 3720 conjunctim
289 3643 552 3720 poni‘dehebant,vel
561 3640 714 3694 nominibus
724 3638 763 3692 rel
773 3637 904 3690 distantiis
947 3642 1029 3694 nimia
1042 3651 1094 3705 est,
1114 3641 1136 3692 si
1154 3639 1231 3710 juxta
1253 3658 1326 3693 oram
1342 3641 1471 3702 metieris,
1490 3650 1517 3692 at
1537 3657 1619 3710 quum
1640 3643 1673 3696 ab
1687 3663 1732 3698 00-

124 3749 256 3800 perperam
269 3736 458 3799 separarentur.
468 3753 505 3764 -
514 3723 639 3774 Ceterum
650 3717 744 3772 Strabo
755 3718 823 3770 inter
834 3719 903 3770 Leu-
946 3737 1010 3772 casu
1021 3719 1155 3773 hodierne
1166 3717 1273 3774 Drest'eh
1279 3717 1354 3789 juxta
1362 3718 1422 3772 litus
1429 3717 1603 3789 protendatur
1612 3719 1732 3778 brevium

125 3810 251 3881 caspidem
269 3819 296 3861 et
317 3809 475 3878 Cynossema
494 3803 559 3855 alios
578 3799 726 3870 complures
738 3815 793 3851 asse
812 3807 904 3868 portus
948 3807 1061 3863 tractus,
1077 3799 1149 3850 buno
1170 3798 1192 3849 si
1213 3798 1426 3867 circumnangoe,
1447 3807 1516 3850 recte
1534 3798 1664 3852 obtinebis
1685 3801 1733 3853 iter

125 3889 211 3952 rrlert,
227 3886 339 3958 quodie
352 3895 406 3937 tam
417 3883 491 3936 brevi
503 3882 588 3951 spatio
604 3877 810 3931 addubitaveris.
825 3879 904 3930 Octo·
948 3879 1093 3946 stadiorum
1109 3896 1152 3946 9⁰·
1173 3879 1261 3943 Quam
1278 3877 1370 3930 Strabo
1384 3894 1465 3947 prope
1484 3878 1587 3928 Derrim
1602 3889 1675 3930 notat
1689 3896 1733 3949 pe-

126 3971 191 4034 ginta
200 3967 288 4019 Nostri
297 3963 380 4016 stadia
388 3962 490 4014 ducunt
500 3958 535 4013 ad
548 3959 621 4012 Erob
634 3956 734 4018 Ia'ulliu,
746 3956 791 4008 ubi
803 3965 906 4007 exstant
948 3966 1016 4008 tram
1027 3959 1144 4026 nigram,
1156 3955 1226 4008 baud
1239 3954 1321 4007 dubie
1334 3970 1403 4006 unus
1414 3963 1452 4006 est
1462 3971 1478 4004 c
1490 3952 1594 4006 duobus
1609 3957 1730 4026 scopulis,

127 4049 213 4098 ruina.
232 4047 303 4097 Num
325 4041 358 4094 ad
378 4039 493 4094 eundem
515 4039 603 4110 locum
626 4037 755 4106 pertineat
776 4033 902 4094 ιιιιιιαῐά,
948 4053 1015 4105 quos
1031 4037 1117 4088 Pacho
1126 4053 1208 4106 prope
1220 4033 1329 4087 Dresielr
1339 4033 1454 4085 exbibet.
1465 4031 1546 4099 Quod
1560 4032 1633 4086 addit
1640 4035 1732 4088 Strabo

131 4125 264 4176 «chateau
285 4121 411 4184 sarrasin,
425 4121 493 4170 situe
505 4135 558 4169 aur
570 4114 639 4168 bord
657 4113 691 4165 ‹le
708 4113 732 4166 la
748 4109 845 4175 mersa
865 4112 905 4162 six
948 4125 1050 4184 petram
1068 4115 1144 4166 istam
1164 4114 1241 4182 δέρρει
1257 4129 1304 4164 seu
1315 4111 1374 4182 pelli
1393 4110 1502 4162 similem
1515 4109 1609 4172 luisse,
1626 4110 1732 4164 sortasse

129 4203 214 4254 lreures
229 4200 263 4253 de
277 4199 393 4252 distance
407 4197 442 4249 de
450 4193 574 4248 Bourden
588 4192 696 4260 (Pacbo
706 4191 725 4244 l.
741 4191 759 4242 l.
773 4208 799 4260 p.
816 4207 844 4241 lt
858 4192 901 4257 ),ι
948 4192 1018 4245 inter
1028 4193 1099 4245 lusus
1108 4191 1297 4245 recensendum
1308 4201 1356 4254 est,
1374 4189 1470 4259 quibus
1479 4189 1613 4259 peregrina
1625 4192 1732 4244 nomina

128 4283 217 4333 nescio.
949 4273 1034 4325 Graeci
1046 4272 1175 4342 explicere
1183 4270 1350 4324 adornabant.
1360 4269 1482 4321 Ceterum
1496 4278 1542 4319 aut
1556 4285 1589 4320 ex
1598 4267 1647 4320 hae
1658 4281 1732 4339 petra

160 4366 208 4428 §⁷-
225 4360 285 4412 ’λντ
294 4359 324 4428 [ρ
332 4377 345 4428 ρ
354 4377 370 4410 α
378 4358 407 4427 ς]
423 4359 438 4424 §
451 4358 467 4410 8
481 4354 564 4408 codex
575 4351 676 4424 prebet
689 4349 737 4404 dab
748 4353 791 4402 τοῦ
806 4344 904 4419 λυτιρρ’
949 4349 1104 4402 Ptolemaeus
1115 4349 1204 4402 secisse
1216 4347 1319 4400 videtur
1328 4347 1410 4416 Δέρριν
1420 4346 1504 4414 dapar,
1521 4355 1567 4398 aut
1578 4347 1665 4416 potius
1674 4365 1732 4417 pro·

131 4441 191 4511 (sic).
209 4438 297 4493 Stadia
309 4440 343 4492 8ο
353 4436 457 4488 adeum
468 4433 571 4486 ducunt
583 4450 637 4484 orae
646 4431 743 4493 locum,
754 4429 800 4482 ubi
812 4431 840 4480 in
852 4446 907 4480 me·
949 4430 1112 4481 montorium
1124 4426 1271 4480 Junetnat
1283 4426 1322 4478 vel
1334 4442 1420 4496 prom.
1433 4423 1590 4488 Hammeite,
1610 4424 1682 4494 quod
1693 4438 1732 4479 est

129 4520 274 4572 ‹literraneis
287 4518 367 4568 situm
386 4526 426 4568 est
445 4512 646 4567 AbdnAtman.
665 4509 819 4564 Ptolomeus
832 4508 906 4559 Anti·
949 4509 1026 4559 initio
1037 4506 1184 4576 sinusejus,
1198 4508 1224 4558 in
1238 4523 1293 4576 quo
1310 4505 1400 4558 Derris
1413 4502 1484 4554 locus
1501 4504 1564 4554 situs
1573 4513 1638 4568 erat,
1653 4503 1731 4558 etiam

130 4599 199 4668 phras
210 4597 352 4667 ponitpost
363 4595 446 4664 Δὲρριν
458 4592 534 4662 άνιραν
551 4607 672 4644 occasum
691 4605 789 4639 versus.
804 4585 905 4638 Eodem
949 4587 1035 4656 ipsum
1050 4585 1142 4638 Derris
1157 4582 1316 4637 anonnullis
1329 4582 1486 4644 vocabatur;
1500 4591 1578 4651 atque
1590 4581 1645 4634 baec
1656 4599 1732 4636 causa

131 4677 182 4728 lacit
192 4675 285 4729 Strabo
297 4692 325 4745 p.
346 4692 413 4743 799,
427 4673 472 4741 qui
487 4670 521 4722 ab
534 4687 629 4722 occasu
641 4678 730 4721 ortum
745 4683 834 4718 versus
845 4682 906 4735 pro·
949 4663 1008 4727 luit,
1019 4682 1067 4716 cur
1079 4665 1163 4734 ipsum
1171 4663 1248 4715 etiam
1257 4661 1360 4714 Derrirn
1371 4660 1478 4728 δρορμον
1490 4657 1621 4711 stadiesmi
1630 4658 1662 4711 ad
1673 4677 1733 4729 pro·

77 4754 82 4764 “
131 4753 240 4822 grediens
251 4756 287 4807 ita
295 4752 374 4806 babet
388 4768 394 4803 ε
406 4749 473 4803 Εἶτα
482 4752 555 4815 νῆσος
564 4747 669 4798 liriorta
679 4746 688 4816 (
697 4745 715 4797 Ι.
727 4742 857 4814 Πηδωνία)
869 4742 905 4793 λι·
950 4744 1112 4796 montorium
1122 4739 1227 4811 aliquod
1238 4739 1356 4792 nonnulli
1374 4736 1506 4791 transferri
1515 4736 1618 4789 vellent.
1628 4737 1670 4789 Sic
1686 4739 1732 4789 Pa·

134 4833 183 4899 μένα
197 4831 304 4900 ἔχουσα·
322 4829 361 4884 εἶτ
380 4828 500 4898 ’λντὶρραι
514 4825 643 4898 (Serippo
655 4823 740 4877 Strab.
755 4841 798 4892 ap.
813 4821 902 4892 steph.
949 4821 1033 4891 chop.
1045 4825 1074 4883 rl,
1086 4837 1091 4872 :
1106 4823 1231 4873 «Lenorn
1240 4817 1274 4870 de
1280 4817 1396 4881 Dresielr,
1407 4817 1501 4886 inquit,
1510 4815 1586 4879 ollre,
1595 4815 1612 4866 il
1620 4825 1658 4867 est
1667 4817 1730 4878 1τοί,

132 4911 177 4976 B.)
197 4909 282 4979 μικρὸν
299 4908 416 4979 ἀπωτέρω
431 4911 475 4974 τῆς
493 4906 628 4971 θαλάττης·
646 4903 727 4956 ἅπασα
742 4901 785 4971 μὲν
800 4898 816 4965 ἡ
835 4901 906 4969 χώρα
949 4919 1002 4954 une
1010 4899 1109 4970 grande
1121 4899 1237 4967 analogio
1250 4915 1312 4950 aveo
1323 4895 1388 4948 celui
1407 4894 1440 4948 de
1453 4893 1553 4956 Derris,
1567 4905 1626 4963 port
1636 4903 1661 4944 et
1671 4911 1731 4963 pro·

134 4987 183 5052 οὕτη
199 4987 242 5039 οὐκ
256 4987 356 5052 εὗοινος,
369 4987 447 5040 πλείω
456 4986 592 5056 δεχομένου
605 4986 649 5035 τοῦ
661 4981 767 5050 κεράμου
782 4979 905 5031 θάλατταν
949 4981 1080 5032 montoire
1089 4978 1290 5046 merrtionnepar·
1296 4973 1617 5045 plusieursauteurs.ldais
1625 4972 1647 5024 la
1653 4974 1732 5025 situa-

134 5064 233 5130 ἧοῖνον,
249 5067 278 5118 δν
298 5065 328 5132 δὴ
347 5067 450 5120 καλοῦσι
465 5064 568 5117 Arbores
585 5063 593 5133 (
609 5063 682 5131 βύιον
700 5062 739 5112 81.
754 5062 797 5123 B.,
823 5058 905 5127 βὺιιιον
950 5060 1005 5111 tion
1015 5057 1048 5110 de
1060 5056 1178 5117 Dresielt,
1190 5053 1315 5108 errlonnie
1332 5051 1513 5121 danscegoll,
1530 5069 1562 5102 ne
1572 5052 1684 5112 saurait,
1698 5070 1730 5103 en

134 5145 194 5214 conj.
206 5146 356 5216 llleirreke),
374 5143 439 5217 ᾧδὴ
457 5146 498 5198 καὶ
509 5150 544 5214 τῷ
557 5141 662 5212 ζὺδῳτδ
676 5139 740 5193 colb
751 5138 828 5208 ρῦλον
846 5141 907 5207 χρῆ·
947 5153 1052 5189 aucune
1070 5133 1199 5197 rnarriere,
1217 5133 1342 5186 eonvenir
1361 5130 1376 5184 ir
1397 5148 1432 5182 un
1451 5128 1644 5199 pronrontoire,
1664 5138 1732 5179 etro

135 5243 166 5276 τοι
174 5229 219 5276 τῶν
234 5222 419 5286 Ἀλεξανδρέων·
430 5227 582 5292 ονιῦπτονται
592 5221 617 5273 δὲ
628 5219 734 5292 μάλισυι
742 5218 766 5270 τά
777 5216 902 5288 ’λντίρραι
950 5233 1012 5266 norn
1030 5215 1112 5284 parait
1124 5217 1192 5278 titre,
1212 5229 1314 5265 tumme
1326 5211 1453 5282 plusieurs
1466 5219 1565 5270 autres,
1583 5223 1635 5258 une
1648 5217 1729 5258 trans·

1015 2037 1107 2091 stadia.
1593 2042 1643 2091 160
