3950 5925
147 437 151 447 '
236 429 291 479 332

234 547 282 617 τήν
292 545 427 603 θάλασσαν
437 541 483 614 τὴν
493 542 611 621 μεγάλην
622 540 680 601 ἐστι
690 543 782 602 iniria
791 542 888 601 κόλπον
897 542 941 601 τόν
952 547 1020 625 Περ-

235 635 322 706 σικόν,
331 634 365 705 ἣν
379 634 411 703 δὴ
422 631 550 711 Ἐρυθρὴν
560 631 696 689 θάλασσαν
710 629 869 710 μετεξέτεροι
883 631 1018 693 καλέουσι.

275 724 339 783 XX.
361 718 478 801 Νεάρχῳ
490 720 518 778 δέ
528 718 652 778 λέλεκται
664 718 731 799 ὑπὲρ
742 718 840 777 τούτων
854 719 897 777 ὅδε
909 723 923 777 ὁ
935 721 1020 799 λόγος·

235 810 313 868 πόθον
328 808 376 882 μέν
388 798 455 866 εἶναι
472 805 634 887 Ἀλεξάνδρῳ
649 807 846 885 ἐκπεριπλῶσαι
859 806 907 878 τήν
920 807 1020 866 θάλασ·

208 908 221 947 ⁸
235 919 284 955 σαν
298 894 346 967 τήν
358 893 411 952 ἀπὸ
424 893 513 953 Ἰνδῶν
528 893 587 952 ἔστε
599 892 643 952 ἐπὶ
651 892 699 964 τήν
712 892 862 972 Περσικήν,
877 894 910 973 (ι)
921 894 1019 953 ὀκνέειν

234 983 262 1040 δὲ
275 982 353 1040 αὐτὸν
366 986 411 1040 τοῦ
421 1004 450 1040 τε
464 981 545 1040 πλόου
556 980 586 1039 τό
598 984 682 1057 μῆκος
702 980 748 1039 καὶ
764 981 801 1059 μή
814 1004 863 1039 τινι
877 981 929 1059 ἄρα
943 982 1022 1061 χώρη

235 1070 328 1150 ἐρήμῳ
348 1067 552 1149 ἐγκύρσαντεςῆ
573 1066 661 1148 ὅρμων
676 1066 800 1147 ιἰπόρῳή
820 1070 850 1127 οθ
866 1067 1020 1148 ξυμμέτρως

235 1158 332 1235 ἐχούση
341 1160 393 1215 τῶν
405 1154 527 1236 ὡραίων,
539 1154 607 1213 οθτω
622 1154 655 1226 δὴ
668 1156 797 1235 διαφθαρῇ
812 1156 884 1234 αὐτῷ
896 1160 910 1213 θ
921 1156 1019 1227 στόλος,
1030 1154 1033 1161 ’

235 1244 281 1301 καί
299 1247 329 1302 ού
349 1241 436 1324 φαύλη
451 1242 526 1313 κηλὶς
536 1242 605 1314 αὕτη
622 1251 704 1302 τοῖσιν
722 1243 835 1323 ἔργοισιν
853 1245 931 1300 αὐτοῦ
953 1244 1020 1301 τοῖσι

196 1354 220 1393 ιο
236 1330 386 1409 μεγάλοισιν
395 1329 561 1406 ἐπιγινομένη
575 1328 624 1399 τήν
635 1338 724 1389 πᾶσαν
734 1330 857 1409 εὐτυχίην
869 1331 942 1411 αύτῷ
954 1332 1020 1409 dpu-

235 1424 310 1477 νόσοι·
322 1418 392 1477 ἀλλὰ
404 1421 540 1488 ἐκνικῆσαι
551 1415 604 1497 γάρ
614 1419 686 1499 αὐτῷ
697 1418 745 1489 τλν
756 1417 896 1495 ἐπιθυμίην
907 1424 954 1476 τοῦ
964 1442 1020 1477 και·

236 1506 317 1563 νόντι
330 1505 382 1563 alal
405 1502 452 1562 καί
471 1502 569 1561 ἄτοπον
591 1504 758 1583 ἐργάζεσθαι.
801 1506 834 1582 (a)
852 1504 969 1584 Ἀπόρως
993 1505 1020 1564 δὲ

236 1594 318 1672 ἔχειν,
334 1591 420 1651 ὅντινα
434 1592 482 1649 ούκ
495 1589 623 1649 ἀδύνατόν
636 1615 666 1650 τι
681 1593 708 1659 ἐς
720 1592 755 1650 τὰ
775 1592 945 1669 ἐπινοεύμενα
959 1595 1020 1651 ἐπι-

235 1680 350 1753 λέξαιτο,
364 1678 410 1739 καί
420 1677 476 1757 ἅμα
486 1681 538 1740 τῶν
550 1681 577 1737 ἐν
589 1678 633 1749 νηί
645 1680 761 1759 ἀνδρῶν,
771 1682 806 1746 ὥς
816 1678 862 1737 καί
873 1682 925 1737 τῶν
936 1686 1021 1739 τοιοῦ·

197 1786 221 1825 ts
236 1792 280 1827 τον
292 1769 383 1829 στόλον
396 1764 578 1844 στελλομένων
592 1768 697 1846 ἀφελεῖν
710 1766 740 1825 τό
753 1768 830 1844 δεῖμα
840 1772 886 1825 τοῦ
900 1766 932 1837 δὴ
945 1772 1021 1843 ἠμε-

236 1857 355 1933 λημένως
375 1854 467 1922 αύτούς
487 1857 513 1922 ἐς
535 1844 670 1937 προῦπτον
689 1854 805 1915 κίνδυνον
826 1855 1019 1935 ἐκπέμπεσθαι.

236 1946 268 2020 (tl
285 1943 363 2021 Λέγει
378 1941 410 2014 δὴ
431 1945 445 2001 θ
461 1942 601 2022 Νέαρχος,
623 1946 716 2023 ἑωυτῷ
731 1944 868 2012 ξυνοῦσθαι
884 1942 929 2002 τὸν
945 1942 1020 2003 Ἀλέ-

236 2029 356 2110 ξανδρον,
368 2030 456 2088 ὅντινα
472 2030 674 2109 προχειρίσηται
688 2029 840 2109 ἐξηγέεσθαι
851 2035 897 2089 τοῦ
917 2031 1020 2090 στολου·

237 2122 274 2185 ὡς
284 2119 313 2177 δέ
330 2118 411 2176 ἄλλον
425 2117 470 2177 καί
484 2117 567 2175 ἄλλον
579 2120 614 2183 είς
636 2116 745 2195 μνήμην
757 2118 829 2177 ἐόντα
843 2117 902 2184 τούς
916 2120 965 2195 μέν
983 2122 1018 2185 rb<

954 414 1121 477 AlllllANl

1065 569 1192 605 oceanum
1205 568 1328 620 magnum
1339 550 1365 602 in
1378 548 1465 603 sinum
1475 550 1608 603 Persicum
1619 548 1756 617 navigarit,
1772 566 1855 619 quem

1065 638 1172 709 quidem
1187 636 1307 690 nonnulli
1322 654 1393 689 mare
1405 636 1525 689 Rubrum
1538 635 1676 705 appellant.

1100 726 1162 777 XX.
1179 724 1315 777 Nearchus
1327 722 1360 775 de
1371 722 1461 777 haere
1473 724 1507 775 ita
1519 722 1629 775 scribit:
1643 719 1796 775 Alexandro
1806 720 1854 774 de-

1065 814 1191 867 siderium
1201 814 1279 866 luisse
1289 830 1377 879 mare,
1388 810 1462 885 quod
1474 812 1508 865 ab
1522 811 1596 865 Indis
1607 813 1635 863 in
1644 812 1758 865 Persiam
1769 829 1855 882 usquc

1064 915 1144 976 patet,
1157 907 1294 975 enavigare
1310 922 1315 955 ι
1332 906 1373 975 (a)
1390 914 1506 958 ceterum
1522 904 1595 957 illum
1610 904 1783 973 navigationis
1796 904 1854 955 lon·

1065 999 1209 1067 ginquitate
1218 996 1375 1049 deterritum
1389 996 1484 1062 luisse,
1495 994 1625 1065 simulque
1636 996 1765 1058 veritum,
1779 1012 1814 1046 ne
1825 998 1855 1047 in

1065 1087 1178 1157 aliquam
1191 1086 1321 1140 desertam
1337 1086 1474 1155 regionem
1488 1097 1534 1139 aut
1547 1096 1626 1155 portu
1640 1084 1796 1139 destitutam
1807 1097 1853 1137 aut

1066 1178 1322 1249 frugibusmreutem
1331 1178 1443 1233 delatam
1449 1177 1556 1233 classem
1562 1178 1702 1243 amitteret,
1709 1178 1854 1248 ingensque

1065 1270 1120 1325 huc
1130 1270 1229 1324 macula
1239 1270 1318 1325 rebus
1328 1270 1452 1342 praeclare
1464 1270 1510 1323 abs
1522 1288 1549 1323 se
1560 1270 1637 1339 gestis
1648 1267 1734 1321 offusa
1745 1286 1853 1323 omnem

1066 1360 1192 1415 felicitatis
1211 1361 1320 1431 gloriam
1332 1360 1482 1417 obliteraret
1496 1376 1502 1410 ε
1518 1360 1609 1411 vicisse
1622 1369 1709 1411 tamen
1724 1360 1854 1411 inusitata:

1065 1452 1174 1522 alicujus
1186 1471 1217 1506 ac
1228 1470 1329 1522 magna
1342 1454 1381 1505 rei
1392 1450 1513 1521 gerenda
1526 1450 1707 1523 cupiditatem.
1746 1452 1788 1519 (3)
1801 1454 1856 1503 Du-

1066 1544 1161 1597 bitasse
1178 1554 1265 1597 autem
1286 1561 1365 1615 quem
1380 1540 1547 1615 perficiendis
1565 1542 1680 1594 consiliis
1694 1543 1749 1594 suis
1761 1559 1854 1612 parem

1066 1634 1199 1706 deligeret,
1224 1633 1354 1705 simulque
1373 1633 1565 1687 classiariorum
1587 1648 1675 1694 eausa,
1696 1642 1727 1684 nt
1742 1632 1772 1685 iis
1800 1642 1852 1685 tarn

1066 1725 1236 1796 longinquam
1256 1723 1453 1795 expeditionem
1471 1723 1578 1776 facturis
1596 1733 1697 1775 metum
1713 1720 1852 1785 adimeret,

1067 1835 1121 1868 sese
1129 1817 1289 1885 neglectosin
1299 1814 1466 1867 manifestum
1474 1813 1705 1885 periculummitti.
1726 1815 1854 1881 (4)Near·

1065 1910 1130 1963 chus
1141 1910 1227 1977 igitur
1255 1906 1436 1962 Alexandrum
1455 1907 1492 1959 ait
1515 1924 1577 1959 cum
1599 1907 1657 1978 ipso
1678 1904 1851 1971 deliberasse,

1065 2016 1144 2069 quem
1153 2000 1319 2069 potissimum
1330 1997 1417 2050 classis
1426 1995 1521 2051 ducem
1531 2014 1562 2049 ac
1569 1996 1722 2067 praelectum
1735 1994 1854 2065 designa·

1066 2100 1124 2142 ret:
1140 2106 1275 2161 quumque
1286 2087 1455 2142 diversorum
1466 2087 1637 2151 meminisset,
1650 2086 1714 2140 alios
1727 2097 1852 2159 tunqrram

1066 2198 1115 2253 pro
1129 2201 1156 2235 so
1176 2182 1317 2253 periclitari
1335 2181 1463 2246 nolentes,
1483 2181 1547 2233 alios
1560 2198 1615 2250 prae
1627 2179 1735 2232 mollitie
1753 2182 1850 2243 animi,

1065 2271 1130 2324 alios
1142 2282 1266 2341 tanquam
1287 2272 1377 2341 patriae
1396 2269 1528 2323 desiderio
1548 2279 1689 2339 occupatos
1704 2287 1850 2330 recusasse,

1066 2364 1093 2415 in
1102 2363 1158 2416 aliis
1168 2381 1231 2415 vero
1241 2362 1311 2415 aliud
1321 2362 1529 2434 reprehendisse.
1567 2362 1607 2432 (5)
1621 2363 1690 2413 Tum
1703 2380 1731 2413 se
1745 2380 1851 2433 operam

1065 2472 1139 2508 suam
1153 2455 1297 2527 pollicitum
1315 2453 1413 2506 dixisse
1433 2470 1440 2507 :
1457 2456 1528 2523 Ego,
1544 2470 1561 2505 o
1575 2470 1638 2515 rex,
1658 2452 1745 2505 classis
1759 2452 1854 2521 guber-

1065 2547 1197 2599 nationem
1209 2547 1359 2616 suscipiam,
1369 2555 1395 2597 et
1404 2546 1425 2597 si
1435 2544 1501 2599 deus
1509 2555 1593 2616 coepta
1599 2543 1734 2609 secundet,
1745 2544 1852 2597 classem

1067 2638 1145 2691 simul
1153 2647 1180 2691 et
1188 2638 1296 2691 militem
1306 2640 1415 2708 sospites
1423 2640 1450 2690 in
1457 2638 1589 2691 Persidem
1596 2636 1703 2702 ducam,
1712 2638 1855 2691 siomnino

196 2222 214 2258 ι’·
236 2207 285 2265 ούκ
298 2206 432 2271 ἐθέλοντας
452 2203 610 2263 κινδυνεύειν
623 2204 690 2284 ὑπὲρ
704 2197 734 2264 οῦ
748 2205 902 2284 ἀπολέγειν,
920 2208 980 2273 τοὺς
994 2205 1021 2264 dl

237 2296 273 2359 ὡς
284 2292 419 2369 μαλακούς
431 2291 475 2350 τόν
491 2290 590 2369 θυμόν,
604 2292 664 2359 τὼς
675 2290 703 2351 δέ
715 2296 752 2359 ὡς
768 2291 842 2373 πόθῳ
852 2296 900 2363 τῆς
919 2291 1022 2365 οἰκηίης
1052 2346 1057 2355 ,

236 2379 445 2460 κατεχομένους,
467 2381 536 2439 τοῖσι
551 2378 580 2438 δέ
599 2379 665 2439 άλλο
685 2381 732 2440 καί
751 2380 818 2439 ἄλλο
838 2380 1021 2440 ἐπικαλέοντα·

238 2468 270 2545 (s)
283 2468 342 2525 τότε
359 2465 391 2539 δὴ
403 2466 480 2525 αὐτὸν
496 2465 649 2525 ὑποστάντα
663 2469 761 2542 εἰπεῖν,
778 2467 818 2527 ότι
834 2458 876 2529 Ὦ
899 2471 1020 2545 βασιλεῦ,

237 2554 289 2632 ἐγώ
305 2577 345 2613 τοι
360 2553 520 2631 ὑποδέκομαι
532 2554 712 2630 ἐξηγήσασθαι
721 2560 766 2613 τοῦ
776 2556 884 2627 στόλου,
895 2558 940 2614 καί
951 2558 974 2613 εί
987 2554 1022 2615 alr

198 2652 223 2690 2⁵
238 2640 349 2699 ἀπὸτοῦ
370 2646 428 2700 θεοῦ
448 2640 687 2719 ξυνεπιλαμόάνοι,
702 2642 818 2721 περιάξω
831 2666 871 2701 τοι
885 2641 955 2709 σύας
974 2644 1023 2711 τὰς

238 2726 297 2794 νέας
309 2726 356 2786 καί
378 2727 438 2793 τοὺς
455 2727 606 2805 ἀνθρώπους
620 2727 680 2788 ἐστι
694 2728 739 2787 ἐπὶ
752 2730 801 2801 τήν
820 2730 937 2809 Περσίδα
951 2736 1020 2808 γῆν,

238 2817 261 2873 el
275 2814 306 2885 δὴ
320 2814 423 2881 πλωτός
437 2838 466 2873 τε
478 2816 550 2875 ἐστίν
562 2819 576 2874 ὁ
587 2813 672 2895 ταύτῃ
683 2815 777 2882 πόντος
789 2816 834 2875 καί
847 2817 877 2874 τό
890 2816 964 2897 ἔργον
975 2820 1022 2876 οὐκ

237 2900 601 2984 άπορονγνύμῃένθρωπίνῃ.
646 2902 1021 2985 (σ)’λλέξανδρονδέλόγῳμέν

238 2991 267 3047 ού
274 2991 354 3069 φάναι
364 2989 459 3049 ἐθέλειν
468 2991 607 3063 ἐςτοσήνδε
615 2993 797 3072 ταλαιπωρίην
802 2992 848 3052 καί
853 2994 959 3051 τοσόνδε
966 2993 1022 3053 κίν-

198 3086 225 3126 ³⁰
239 3077 313 3136 θυνον
320 3081 372 3137 τῶν
382 3101 441 3140 τινα
452 3081 548 3138 ἑωυτοῦ
560 3078 642 3159 φίλων
651 3080 804 3157 ἐμύάλλειν,
813 3079 890 3138 αὐτόν
900 3079 1020 3160 δέταύτῃ

238 3165 270 3236 δὴ
283 3166 327 3224 καί
341 3168 442 3242 μᾶλλον
453 3168 503 3226 οὐκ
513 3167 622 3239 ἀνιέναι,
632 3168 701 3226 ἀλλὰ
712 3167 857 3248 λιπαρέειν.
898 3168 931 3245 (7)
942 3167 1023 3228 Ούτω

238 3253 270 3323 δή
289 3253 429 3330 ἀγαπῆσαί
440 3277 470 3312 τε
485 3252 651 3334 Ἀλέξανδρον
665 3260 710 3313 τοῦ
726 3255 851 3333 Νεάρχου
867 3255 915 3326 τὴν
925 3259 1023 3334 προθυ·

240 3341 319 3414 μίην,
337 3339 382 3398 καὶ
395 3341 538 3411 ἐπιστῆσαι
551 3341 630 3398 αὐτόν
640 3341 735 3420 ’ἄρχειν
747 3347 794 3400 τοῦ
806 3340 900 3400 στόλου
915 3343 1022 3410 παντός·

1066 2748 1096 2783 ea
1107 2731 1214 2799 regione
1225 2748 1297 2783 mare
1306 2730 1451 2799 navigabile
1461 2731 1549 2795 luerit,
1563 2742 1608 2783 aut
1619 2732 1640 2781 si
1652 2729 1678 2782 id
1690 2729 1742 2783 ulla
1751 2731 1855 2783 ratione

1066 2822 1100 2874 ab
1109 2822 1226 2875 humano
1239 2823 1344 2891 ingenio
1353 2822 1569 2893 praestari'possit.
1608 2822 1649 2890 (6)
1659 2822 1730 2874 Ttnn
1741 2820 1859 2873 Alexan-v

1066 2908 1145 2962 tirum
1157 2909 1238 2962 verbo
1250 2927 1355 2980 negasse
1366 2908 1430 2963 velle
1441 2928 1469 2962 se
1480 2911 1508 2963 in
1519 2918 1604 2964 tantos
1614 2908 1716 2962 labores
1729 2918 1856 2979 tantaque

1067 2997 1182 3066 pericula
1192 2996 1305 3067 aliquem
1317 2999 1462 3050 amicorum
1473 3013 1582 3049 suorum
1592 2995 1723 3066 conjicere
1737 3013 1743 3047 :
1755 3015 1784 3048 se
1793 3015 1857 3047 vern

1068 3101 1100 3134 eo
1119 3086 1198 3136 etiarn
1220 3083 1302 3152 magis
1322 3101 1376 3134 non
1399 3083 1543 3146 remisisse,
1565 3081 1612 3133 sed
1630 3081 1729 3134 obnixe
1751 3099 1855 3144 orassc;

1069 3172 1110 3241 (7)
1132 3189 1163 3222 ac
1185 3181 1242 3222 tum
1263 3170 1371 3223 demum
1394 3169 1574 3223 Alexandrum
1596 3168 1709 3221 Nearchi
1734 3171 1856 3220 animum

1068 3255 1135 3308 adeo
1143 3265 1297 3326 promptum
1306 3265 1385 3326 atque
1393 3255 1504 3308 alacrem
1511 3237 1779 3324 libenteramplexum
1789 3273 1856 3317 csse,

1068 3359 1182 3412 eumque
1195 3343 1324 3394 universa
1343 3340 1417 3393 classi
1430 3340 1575 3412 praefecisse
1591 3357 1598 3392 :
1620 3341 1661 3409 (8)
1674 3357 1705 3392 ac
1719 3350 1785 3392 tunc
1798 3343 1857 3410 qui-

272 3537 336 3599 XX,
347 3537 373 3588 3.
393 3537 507 3589 λέλεκται
518 3539 559 3590 bos
573 3540 649 3609 λόγος
666 3540 718 3593 BC.
734 3544 746 3609 ΙΙ
760 3571 795 3580 -
807 3559 832 3608 7.
851 3542 921 3610 ὅρμῳ
932 3539 1024 3606 codd.;
1069 3543 1111 3593 cio
1124 3543 1191 3592 inter
1205 3543 1332 3592 orientem
1346 3550 1371 3592 et
1384 3537 1547 3591 occidentem
1561 3539 1629 3590 viam
1650 3538 1791 3590 inveniret.
1810 3541 1855 3589 Vi·

238 3633 292 3667 ern.
306 3615 426 3667 Dr'rbner.
445 3617 456 3683 ΙΙ
472 3645 509 3656 -
525 3633 565 3668 ιο.
582 3615 672 3687 ἐπιγιν.
687 3618 734 3669 sic.
748 3620 779 3669 B.
794 3615 954 3688 ἐπιγενομένη
965 3636 1024 3687 rgo.
1068 3617 1143 3671 derat
1162 3616 1320 3682 Alexander,
1342 3616 1407 3670 dum
1430 3619 1533 3687 Tyrum
1551 3625 1725 3686 oppugnaret,
1744 3626 1856 3685 quantas

242 3695 253 3760 ll
269 3723 305 3733 -
316 3709 358 3744 ιο.
373 3691 477 3764 ἀφανίσῃ
488 3695 541 3746 BC.
560 3697 571 3763 {l
586 3697 744 3748 -κσιινόν
759 3714 789 3748 τι
802 3697 873 3767 etc]
891 3717 902 3745 ι
915 3697 1026 3750 Alexan·
1068 3716 1131 3768 opes
1147 3696 1326 3768 suppeditaret
1336 3697 1525 3748 commercium
1544 3693 1673 3746 indicum.
1694 3693 1857 3747 Condiderat

239 3769 282 3822 dri
302 3768 461 3822 desiderium
481 3773 655 3841 navigationis
677 3774 710 3826 ab
729 3773 799 3826 Indo
816 3775 849 3827 ad
866 3775 1026 3846 Euphratem
1068 3775 1164 3829 deinde
1187 3775 1373 3830 Alexandriam
1397 3776 1425 3827 in
1457 3774 1579 3844 AEgypto,
1605 3774 1723 3844 primurn
1747 3773 1856 3842 quidem

240 3863 339 3916 usque,
353 3865 417 3911 non,
431 3859 461 3901 ιιι
471 3850 616 3916 Nearchus,
639 3851 729 3905 studio
746 3852 890 3905 ridiculoso
911 3870 981 3905 nora
1001 3865 1027 3906 et
1068 3855 1182 3926 presidii
1203 3873 1317 3924 regronrs
1335 3872 1428 3918 causa;
1454 3851 1551 3906 deinde
1571 3870 1634 3904 vero
1651 3869 1735 3921 quum
1751 3851 1856 3904 Indiam

239 3923 346 3993 reliquis
364 3924 516 3979 horninibus
532 3929 654 3981 inusitata
667 3929 775 3997 gerendi
786 3930 890 3994 tribuo;
903 3929 948 3982 sed
967 3930 1027 3986 duas
1069 3936 1180 3987 intraret
1193 3932 1301 4004 ejusque
1319 3932 1423 3985 divitias
1435 3932 1585 3995 miraretur,
1600 3931 1816 4000 operaepretium
1833 3933 1855 3982 ci

239 4003 355 4054 rationes
381 4015 456 4056 erant
478 4009 566 4074 magni
587 4010 725 4074 momenti,
749 4027 808 4078 quae
833 4010 1026 4078 navigationem
1070 4013 1155 4063 visum
1170 4010 1284 4076 ridetur,
1302 4021 1331 4064 ut
1343 4010 1391 4062 sibi
1404 4010 1592 4062 commercium
1607 4007 1725 4060 indicurn
1739 4011 1855 4078 acquire·

239 4079 401 4147 suadebant3
423 4085 519 4153 prima,
543 4096 574 4138 ut
592 4098 762 4156 cognosceret
781 4087 852 4140 fines
865 4090 968 4158 imperii
985 4092 1026 4142 sui
1069 4100 1119 4142 ret.
1128 4088 1244 4142 Videbat
1254 4108 1325 4153 vero,
1336 4106 1415 4160 quarn
1426 4088 1544 4140 dillicilcs
1555 4097 1642 4140 essent
1652 4105 1751 4140 merces
1764 4087 1856 4140 indrcae

239 4170 357 4213 austrum
372 4178 475 4226 versum
489 4162 554 4215 lines
572 4165 643 4217 enirn
661 4166 875 4236 septentrionales
890 4185 1026 4237 percurre·
1069 4169 1162 4219 itinere
1185 4170 1300 4221 terrestri
1321 4169 1348 4221 in
1368 4167 1531 4220 occidentem
1547 4175 1738 4236 tmnsportatu;
1751 4166 1857 4219 videbat

240 4249 280 4290 rut
298 4241 353 4310 ipse
364 4257 427 4292 cunr
440 4243 572 4309 exercitu;
594 4243 660 4295 fines
678 4245 808 4298 orientem
826 4247 1027 4300 rersusvidcrat
1069 4265 1117 4300 sua
1142 4249 1312 4317 experientia,
1333 4251 1385 4298 noh
1409 4245 1550 4298 dilliculter
1563 4263 1606 4297 eas
1629 4262 1677 4315 per
1699 4244 1798 4297 Indum
1821 4246 1856 4298 ad

239 4319 303 4387 ipsc,
329 4318 396 4370 duur
416 4336 465 4391 per
485 4321 594 4374 lluminn
609 4324 756 4391 navigaret;
780 4322 867 4376 media
882 4325 1027 4378 interlines
1070 4344 1141 4378 rnare
1153 4325 1248 4378 deferri
1267 4344 1353 4396 posse.
1364 4327 1571 4376 Intereratnunc
1583 4325 1659 4386 scire,
1673 4333 1763 4376 utrum
1777 4324 1857 4376 etiarn

240 4397 453 4467 septentrionales
473 4409 498 4452 et
512 4400 696 4454 meridionales
709 4413 740 4455 ut
752 4415 931 4472 cognosceret,
956 4407 1027 4458 misit
1069 4421 1116 4474 per
1138 4422 1208 4456 rrrare
1227 4405 1254 4456 in
1274 4404 1388 4456 Persium
1402 4414 1429 4455 et
1445 4403 1606 4474 Euphratem
1621 4402 1721 4472 portari
1739 4417 1856 4471 possent.

239 4477 376 4528 Craterum
387 4475 422 4528 ab
434 4477 521 4543 Indo,
540 4490 570 4531 ut
587 4497 635 4550 per
648 4481 737 4533 Asiam
754 4482 916 4552 superiorem
928 4484 1027 4536 exerci·
1070 4481 1150 4550 Quod
1173 4483 1252 4550 igitur
1272 4493 1301 4534 ιιι
1323 4481 1445 4546 disceret,
1465 4481 1535 4532 misit
1552 4479 1712 4532 Nearchum.
1726 4481 1780 4547 Qui
1795 4497 1858 4531 rcrn

240 4562 297 4605 turn
319 4555 347 4606 in
371 4555 539 4609 Carmaniam
562 4555 685 4624 duoeret;
704 4559 770 4612 lines
788 4559 986 4625 rneridionales,
1001 4574 1027 4615 et
1069 4559 1307 4630 quurndoculsset,
1328 4561 1429 4612 inriurn
1444 4575 1651 4611 nonessemare
1669 4557 1797 4621 indicum,
1811 4577 1860 4610 ro-

240 4631 317 4686 litora
337 4635 435 4686 Oceani
452 4633 534 4686 indici
546 4635 737 4705 'cognoscenda
755 4637 896 4692 restabant.
916 4639 1028 4692 herlibat
1069 4639 1117 4692 luit
1131 4637 1277 4691 Alexander
1295 4640 1350 4708 ipsc
1367 4639 1467 4690 circum
1480 4635 1603 4690 Arabiam
1620 4635 1647 4686 iu
1668 4635 1755 4686 sinurn
1771 4632 1860 4685 arabi·

240 4711 319 4778 igitur
330 4711 365 4764 ab
386 4713 455 4766 lndo
475 4716 570 4768 itinere
587 4718 712 4781 terrestri,
733 4735 788 4769 non
799 4717 876 4785 longe
894 4736 909 4770 a
925 4717 1025 4784 littore;
1069 4736 1130 4770 curn
1152 4719 1282 4786 navigare,
1304 4719 1399 4788 partim
1417 4727 1446 4768 ut
1461 4716 1584 4768 Arabiam
1603 4713 1744 4782 subigeret,
1759 4712 1861 4782 partim

239 4787 285 4840 serl
301 4807 332 4841 ea
353 4790 394 4842 via
407 4791 443 4843 ob
465 4791 569 4846 deserta
591 4811 701 4846 arenosa
722 4796 940 4866 periculosissima
961 4808 1026 4862 erat,
1043 4821 1054 4842 ι
1070 4810 1099 4852 ιιι
1111 4796 1220 4861 videret,
1241 4807 1329 4849 utrum
1345 4815 1423 4848 nares
1438 4797 1523 4848 statim
1535 4813 1567 4846 cx
1581 4794 1695 4862 AEgypto
1707 4793 1735 4843 iu
1751 4790 1862 4844 Indiam

239 4885 318 4938 quanr
330 4867 366 4920 ob
379 4887 483 4923 causam
497 4883 524 4925 et
542 4883 650 4944 propter
668 4884 758 4942 gentes
778 4892 868 4927 carum
889 4877 1026 4944 regionum
1070 4879 1207 4950 pervenire
1219 4886 1335 4946 possent.
1350 4875 1400 4928 Sed
1418 4893 1489 4928 mors
1501 4875 1577 4927 citior
1589 4871 1697 4924 consilia
1708 4868 1764 4940 ejus
1778 4871 1865 4922 inter-

240 4944 381 4998 indomitas
400 4948 555 5019 praeviderat
566 4951 617 5003 sibi
634 4969 649 5004 a
663 4963 732 5004 tenu
749 4951 836 5004 littora
849 4953 1023 5020 cognoscendi
1069 4957 1149 5026 rupit.
1160 4957 1185 5007 si
1198 4955 1297 5006 diutius
1309 4955 1422 5017 vixisset,
1437 4956 1491 5024 ipse
1502 4952 1567 5004 forte
1577 4947 1727 5004 Alexander
1745 4947 1864 5001 Alexan-

240 5025 401 5078 occasionem
414 5045 468 5080 non
479 5027 605 5095 luturarn,
620 5031 692 5100 quod
705 5041 793 5084 tamen
806 5033 957 5084 commercii
966 5051 1026 5086 carr·
1069 5034 1234 5087 rlriarnsuam
1245 5035 1403 5085 commercio
1415 5031 1665 5084 indieoditissimam
1676 5027 1770 5080 luctam
1782 5025 1868 5078 siclis-

240 5117 269 5152 sa
279 5106 365 5171 magni
379 5117 435 5157 erat
446 5111 584 5162 momenti.
600 5111 672 5163 illisit
681 5128 744 5180 ergo
753 5109 870 5173 classem,
888 5120 919 5162 ut
932 5109 1025 5163 littoris
1070 5123 1117 5166 set.
1130 5136 1139 5160 ν
1150 5115 1335 5180 8οιιιιιιιοειι.θ
1344 5142 1379 5151 -
1390 5129 1430 5179 17.
1440 5111 1465 5162 δὲ
1473 5129 1522 5180 pro
1530 5107 1599 5174 δήΛ.
1614 5117 1639 5159 ct
1652 5105 1794 5159 κοινοῦσθαι
1804 5106 1867 5157 lact

241 5177 418 5234 conditionem
451 5184 648 5254 diligentissime
673 5200 889 5258 perscrutaretur.
939 5190 1026 5243 Altera
1065 5211 1132 5260 ungo
1144 5193 1173 5242 (ἶ.
1192 5193 1297 5258 ll-al.
1313 5188 1427 5254 τότεόὴ
1447 5185 1648 5260 σύτὸν]αύτόν
1658 5183 1684 5236 δὲ
1696 5181 1726 5249 δὴ
1741 5183 1818 5252 ταύτινΙ
1830 5183 1868 5248 δὴ

241 5273 303 5308 rere
313 5260 380 5312 ratio
389 5263 562 5332 expeditionis
572 5265 651 5336 hujus
668 5268 765 5320 navalis
778 5280 843 5334 erat,
859 5283 886 5322 ιιι
899 5287 1027 5322 cnrrrrncr·
1074 5273 1104 5322 l..
1127 5273 1136 5336 l}
1154 5301 1189 5308 -
1208 5274 1251 5331 ου’..
1269 5271 1308 5320 καὶ
1329 5269 1357 5320 :ir
1374 5275 1404 5321 A.
1423 5271 1432 5334 ll
1455 5301 1489 5308 -
1506 5285 1549 5338 οφ.
1570 5266 1584 5316 ό
1604 5265 1690 5330 ταύτης
1710 5281 1736 5314 π.
1760 5261 1867 5324 corld.;
