<?xml version="1.0" encoding="UTF-8"?>
<!DOCTYPE html PUBLIC "-//W3C//DTD XHTML 1.0 Transitional//EN"
    "http://www.w3.org/TR/xhtml1/DTD/xhtml1-transitional.dtd">
<html xmlns="http://www.w3.org/1999/xhtml" xml:lang="en" lang="en">
 <head>
  <title>
</title>
<meta http-equiv="Content-Type" content="text/html;charset=utf-8" />
  <meta name='ocr-system' content='tesseract 3.04.00' />
  <meta name='ocr-capabilities' content='ocr_page ocr_carea ocr_par ocr_line ocrx_word'/>
</head>
<body>
  <div class='ocr_page' id='page_1' title='image "./geographigraeci03mlgoog_0070.png"; bbox 0 0 3950 5925; ppageno 0'>
   <div class='ocr_carea' id='block_1_1' title="bbox 294 381 1241 447">
    <p class='ocr_par' dir='ltr' id='par_1_1' title="bbox 294 381 1241 447">
     <span class='ocr_line' id='line_1_1' title="bbox 294 381 1241 447; baseline -0.004 0"><span class='ocrx_word' id='word_1_1' title='bbox 294 405 333 447; x_wconf 83' lang='lat' dir='ltr'><strong>nx</strong></span> <span class='ocrx_word' id='word_1_2' title='bbox 525 388 530 401; x_wconf 97' lang='lat'><em>&#39;</em></span> <span class='ocrx_word' id='word_1_3' title='bbox 938 381 1241 445; x_wconf 80' lang='lat' dir='ltr'><strong>rnoteuottettn.</strong></span> 
     </span>
    </p>
   </div>
   <div class='ocr_carea' id='block_1_2' title="bbox 221 510 1889 3852">
    <p class='ocr_par' dir='ltr' id='par_1_2' title="bbox 221 510 1889 3852">
     <span class='ocr_line' id='line_1_2' title="bbox 290 510 1877 594; baseline 0.003 -19"><span class='ocrx_word' id='word_1_4' title='bbox 290 516 461 593; x_wconf 75' lang='lat' dir='ltr'>grandibus,</span> <span class='ocrx_word' id='word_1_5' title='bbox 474 516 608 594; x_wconf 85' lang='lat' dir='ltr'><strong>Neptuno</strong></span> <span class='ocrx_word' id='word_1_6' title='bbox 620 514 804 592; x_wconf 87' lang='lat' dir='ltr'><strong>sacris,quos</strong></span> <span class='ocrx_word' id='word_1_7' title='bbox 816 514 1075 591; x_wconf 83' lang='lat' dir='ltr'><strong>nemolaedatipse·</strong></span> <span class='ocrx_word' id='word_1_8' title='bbox 1119 513 1177 592; x_wconf 92' lang='lat' dir='ltr'><strong>ptis</strong></span> <span class='ocrx_word' id='word_1_9' title='bbox 1190 511 1363 589; x_wconf 83' lang='lat' dir='ltr'><strong>Agatharch.</strong></span> <span class='ocrx_word' id='word_1_10' title='bbox 1377 512 1395 587; x_wconf 76' lang='lat' dir='ltr'>S</span> <span class='ocrx_word' id='word_1_11' title='bbox 1408 510 1445 567; x_wconf 77' lang='lat' dir='ltr'><strong>tt</strong></span> <span class='ocrx_word' id='word_1_12' title='bbox 1465 531 1495 588; x_wconf 87' lang='lat' dir='ltr'><strong>p.</strong></span> <span class='ocrx_word' id='word_1_13' title='bbox 1519 511 1571 582; x_wconf 74' lang='lat'><strong>175</strong></span> <span class='ocrx_word' id='word_1_14' title='bbox 1590 515 1696 569; x_wconf 85' lang='lat' dir='ltr'><strong>inentia</strong></span> <span class='ocrx_word' id='word_1_15' title='bbox 1708 514 1739 573; x_wconf 84' lang='lat' dir='ltr'><strong>m</strong></span> <span class='ocrx_word' id='word_1_16' title='bbox 1754 517 1877 581; x_wconf 83' lang='lat' dir='ltr'><strong>Aristonis</strong></span> 
     </span>
     <span class='ocr_line' id='line_1_3' title="bbox 291 607 1877 690; baseline 0.002 -19"><span class='ocrx_word' id='word_1_17' title='bbox 291 634 348 690; x_wconf 92' lang='lat' dir='ltr'><strong>que</strong></span> <span class='ocrx_word' id='word_1_18' title='bbox 370 627 471 672; x_wconf 79' lang='lat' dir='ltr'><strong>auctor</strong></span> <span class='ocrx_word' id='word_1_19' title='bbox 489 633 520 672; x_wconf 90' lang='lat' dir='ltr'><strong>se</strong></span> <span class='ocrx_word' id='word_1_20' title='bbox 542 613 650 671; x_wconf 78' lang='lat' dir='ltr'><strong>vidisse</strong></span> <span class='ocrx_word' id='word_1_21' title='bbox 671 612 811 671; x_wconf 85' lang='lat' dir='ltr'><strong>narravit.</strong></span> <span class='ocrx_word' id='word_1_22' title='bbox 834 611 878 668; x_wconf 87' lang='lat' dir='ltr'><strong>De</strong></span> <span class='ocrx_word' id='word_1_23' title='bbox 900 610 1075 669; x_wconf 78' lang='lat' dir='ltr'><strong>Anaxicrate</strong></span> <span class='ocrx_word' id='word_1_24' title='bbox 1119 609 1155 667; x_wconf 90' lang='lat' dir='ltr'><strong>ad</strong></span> <span class='ocrx_word' id='word_1_25' title='bbox 1168 607 1349 685; x_wconf 82' lang='lat' dir='ltr'><strong>exploranda</strong></span> <span class='ocrx_word' id='word_1_26' title='bbox 1368 607 1483 665; x_wconf 77' lang='lat' dir='ltr'><strong>Arabia</strong></span> <span class='ocrx_word' id='word_1_27' title='bbox 1505 607 1592 665; x_wconf 91' lang='lat' dir='ltr'><strong>litora</strong></span> <span class='ocrx_word' id='word_1_28' title='bbox 1609 610 1690 667; x_wconf 84' lang='lat' dir='ltr'><strong>missi</strong></span> <span class='ocrx_word' id='word_1_29' title='bbox 1709 630 1726 667; x_wconf 91' lang='lat' dir='ltr'><strong>a</strong></span> <span class='ocrx_word' id='word_1_30' title='bbox 1742 611 1877 675; x_wconf 82' lang='lat' dir='ltr'><strong>Ptolemao</strong></span> 
     </span>
     <span class='ocr_line' id='line_1_4' title="bbox 291 702 1877 787; baseline 0.001 -20"><span class='ocrx_word' id='word_1_31' title='bbox 291 709 409 767; x_wconf 81' lang='lat' dir='ltr'><strong>aliunde</strong></span> <span class='ocrx_word' id='word_1_32' title='bbox 424 729 481 767; x_wconf 93' lang='lat' dir='ltr'><strong>non</strong></span> <span class='ocrx_word' id='word_1_33' title='bbox 503 721 630 780; x_wconf 89' lang='lat' dir='ltr'><strong>constat,</strong></span> <span class='ocrx_word' id='word_1_34' title='bbox 646 706 704 765; x_wconf 90' lang='lat' dir='ltr'><strong>nisi</strong></span> <span class='ocrx_word' id='word_1_35' title='bbox 720 707 794 765; x_wconf 87' lang='lat' dir='ltr'><strong>sorte</strong></span> <span class='ocrx_word' id='word_1_36' title='bbox 817 705 875 764; x_wconf 88' lang='lat' dir='ltr'><strong>hue</strong></span> <span class='ocrx_word' id='word_1_37' title='bbox 896 705 1024 783; x_wconf 80' lang='lat' dir='ltr'><strong>pertinet</strong></span> <span class='ocrx_word' id='word_1_38' title='bbox 1036 705 1073 775; x_wconf 90' lang='lat' dir='ltr'><strong>is,</strong></span> <span class='ocrx_word' id='word_1_39' title='bbox 1121 703 1352 781; x_wconf 81' lang='lat' dir='ltr'><strong>(Philadelpho,</strong></span> <span class='ocrx_word' id='word_1_40' title='bbox 1380 714 1412 760; x_wconf 92' lang='lat' dir='ltr'><strong>ut</strong></span> <span class='ocrx_word' id='word_1_41' title='bbox 1429 715 1500 779; x_wconf 92' lang='lat' dir='ltr'><strong>puto</strong></span> <span class='ocrx_word' id='word_1_42' title='bbox 1509 702 1541 779; x_wconf 59' lang='grc' dir='ltr'><strong>(Ἴ</strong></span> <span class='ocrx_word' id='word_1_43' title='bbox 1555 704 1576 779; x_wconf 72' lang='lat' dir='ltr'><strong>i.</strong></span> <span class='ocrx_word' id='word_1_44' title='bbox 1600 705 1794 766; x_wconf 76' lang='lat' dir='ltr'><strong>Artemidorus</strong></span> <span class='ocrx_word' id='word_1_45' title='bbox 1814 717 1877 787; x_wconf 86' lang='lat' dir='ltr'><strong>apud</strong></span> 
     </span>
     <span class='ocr_line' id='line_1_5' title="bbox 291 798 1881 881; baseline 0.001 -17"><span class='ocrx_word' id='word_1_46' title='bbox 291 824 377 881; x_wconf 85' lang='lat' dir='ltr'><strong>quesn</strong></span> <span class='ocrx_word' id='word_1_47' title='bbox 395 802 519 862; x_wconf 90' lang='lat' dir='ltr'><strong>urbibus</strong></span> <span class='ocrx_word' id='word_1_48' title='bbox 536 802 696 861; x_wconf 87' lang='lat' dir='ltr'><strong>condendis</strong></span> <span class='ocrx_word' id='word_1_49' title='bbox 716 801 854 859; x_wconf 85' lang='lat' dir='ltr'><strong>Seleucus</strong></span> <span class='ocrx_word' id='word_1_50' title='bbox 867 800 950 859; x_wconf 89' lang='lat' dir='ltr'><strong>Soter</strong></span> <span class='ocrx_word' id='word_1_51' title='bbox 962 799 1075 877; x_wconf 83' lang='lat' dir='ltr'><strong>praese-</strong></span> <span class='ocrx_word' id='word_1_52' title='bbox 1120 798 1291 857; x_wconf 86' lang='lat' dir='ltr'><strong>Strabonem</strong></span> <span class='ocrx_word' id='word_1_53' title='bbox 1303 820 1336 877; x_wconf 92' lang='lat' dir='ltr'><strong>p.</strong></span> <span class='ocrx_word' id='word_1_54' title='bbox 1351 800 1409 875; x_wconf 83' lang='lat'><strong>769</strong></span> <span class='ocrx_word' id='word_1_55' title='bbox 1421 798 1556 876; x_wconf 83' lang='lat' dir='ltr'><strong>Satyrum</strong></span> <span class='ocrx_word' id='word_1_56' title='bbox 1568 800 1743 859; x_wconf 88' lang='lat' dir='ltr'><strong>Philoteram</strong></span> <span class='ocrx_word' id='word_1_57' title='bbox 1757 807 1881 866; x_wconf 79' lang='lat' dir='ltr'><strong>condidis</strong></span> 
     </span>
     <span class='ocr_line' id='line_1_6' title="bbox 292 892 1880 978; baseline 0.001 -20"><span class='ocrx_word' id='word_1_58' title='bbox 292 912 371 958; x_wconf 87' lang='lat' dir='ltr'><strong>cerat</strong></span> <span class='ocrx_word' id='word_1_59' title='bbox 390 900 527 978; x_wconf 73' lang='lat' dir='ltr'><strong>(lbetaes</strong></span> <span class='ocrx_word' id='word_1_60' title='bbox 550 900 624 957; x_wconf 91' lang='lat' dir='ltr'><strong>llist.</strong></span> <span class='ocrx_word' id='word_1_61' title='bbox 650 897 716 969; x_wconf 90' lang='lat' dir='ltr'><strong>Vll,</strong></span> <span class='ocrx_word' id='word_1_62' title='bbox 734 906 787 969; x_wconf 73' lang='lat'><strong>174</strong></span> <span class='ocrx_word' id='word_1_63' title='bbox 800 898 822 976; x_wconf 72' lang='lat' dir='ltr'><strong>l.</strong></span> <span class='ocrx_word' id='word_1_64' title='bbox 840 930 881 942; x_wconf 90' lang='lat'><em>-</em></span> <span class='ocrx_word' id='word_1_65' title='bbox 902 898 1076 971; x_wconf 80' lang='lat' dir='ltr'><strong>Pythagorae</strong></span> <span class='ocrx_word' id='word_1_66' title='bbox 1121 906 1259 953; x_wconf 87' lang='lat' dir='ltr'><strong>senarrat</strong></span> <span class='ocrx_word' id='word_1_67' title='bbox 1271 907 1299 951; x_wconf 89' lang='lat' dir='ltr'><strong>et</strong></span> <span class='ocrx_word' id='word_1_68' title='bbox 1313 913 1330 951; x_wconf 92' lang='lat' dir='ltr'><strong>a</strong></span> <span class='ocrx_word' id='word_1_69' title='bbox 1343 892 1500 952; x_wconf 72' lang='lat' dir='ltr'><strong>Ptolemaeo</strong></span> <span class='ocrx_word' id='word_1_70' title='bbox 1513 893 1540 951; x_wconf 96' lang='grc' dir='ltr'><strong>ΙΙ</strong></span> <span class='ocrx_word' id='word_1_71' title='bbox 1553 894 1715 971; x_wconf 88' lang='lat' dir='ltr'><strong>ablegatum</strong></span> <span class='ocrx_word' id='word_1_72' title='bbox 1731 917 1789 957; x_wconf 87' lang='lat' dir='ltr'><strong>esse</strong></span> <span class='ocrx_word' id='word_1_73' title='bbox 1797 901 1880 971; x_wconf 67' lang='grc' dir='ltr'>ἐτίττζν</span> 
     </span>
     <span class='ocr_line' id='line_1_7' title="bbox 291 986 1880 1073; baseline -0.006 -22"><span class='ocrx_word' id='word_1_74' title='bbox 291 1014 368 1073; x_wconf 86' lang='lat' dir='ltr'><strong>opus</strong></span> <span class='ocrx_word' id='word_1_75' title='bbox 376 994 436 1072; x_wconf 81' lang='lat' dir='ltr'><strong>napi</strong></span> <span class='ocrx_word' id='word_1_76' title='bbox 446 998 491 1063; x_wconf 81' lang='grc' dir='ltr'>τῆς</span> <span class='ocrx_word' id='word_1_77' title='bbox 506 993 634 1071; x_wconf 77' lang='grc' dir='ltr'>Ἐρυθρᾶς</span> <span class='ocrx_word' id='word_1_78' title='bbox 645 991 780 1061; x_wconf 78' lang='grc' dir='ltr'>θαλάσσης</span> <span class='ocrx_word' id='word_1_79' title='bbox 796 992 932 1050; x_wconf 88' lang='lat' dir='ltr'><strong>novimus</strong></span> <span class='ocrx_word' id='word_1_80' title='bbox 945 1010 982 1049; x_wconf 82' lang='lat' dir='ltr'><strong>ex</strong></span> <span class='ocrx_word' id='word_1_81' title='bbox 989 990 1076 1048; x_wconf 88' lang='lat' dir='ltr'><strong>Athe·</strong></span> <span class='ocrx_word' id='word_1_82' title='bbox 1123 987 1281 1067; x_wconf 81' lang='grc' dir='ltr'>διερεθνησιν</span> <span class='ocrx_word' id='word_1_83' title='bbox 1292 990 1338 1058; x_wconf 82' lang='grc' dir='ltr'>τῆς</span> <span class='ocrx_word' id='word_1_84' title='bbox 1354 990 1405 1044; x_wconf 86' lang='grc' dir='ltr'><strong>τῶν</strong></span> <span class='ocrx_word' id='word_1_85' title='bbox 1417 986 1564 1066; x_wconf 74' lang='grc' dir='ltr'>ἐλαράντων</span> <span class='ocrx_word' id='word_1_86' title='bbox 1576 988 1657 1067; x_wconf 76' lang='grc' dir='ltr'>θήρας</span> <span class='ocrx_word' id='word_1_87' title='bbox 1669 990 1713 1046; x_wconf 83' lang='grc' dir='ltr'><strong>καί</strong></span> <span class='ocrx_word' id='word_1_88' title='bbox 1723 995 1767 1061; x_wconf 70' lang='grc' dir='ltr'>τῆς</span> <span class='ocrx_word' id='word_1_89' title='bbox 1776 996 1880 1073; x_wconf 66' lang='grc' dir='ltr'>Τρωγ),,.</span> 
     </span>
     <span class='ocr_line' id='line_1_8' title="bbox 291 1081 1880 1166; baseline 0.002 -21"><span class='ocrx_word' id='word_1_90' title='bbox 291 1108 354 1147; x_wconf 88' lang='lat' dir='ltr'><strong>naeo</strong></span> <span class='ocrx_word' id='word_1_91' title='bbox 369 1109 397 1166; x_wconf 93' lang='lat' dir='ltr'><strong>p.</strong></span> <span class='ocrx_word' id='word_1_92' title='bbox 413 1090 479 1162; x_wconf 81' lang='lat'><strong>183,</strong></span> <span class='ocrx_word' id='word_1_93' title='bbox 492 1087 512 1145; x_wconf 74' lang='lat'><strong>1²</strong></span> <span class='ocrx_word' id='word_1_94' title='bbox 529 1087 600 1165; x_wconf 76' lang='lat' dir='ltr'><strong>(ubi</strong></span> <span class='ocrx_word' id='word_1_95' title='bbox 609 1087 645 1145; x_wconf 89' lang='lat' dir='ltr'><strong>de</strong></span> <span class='ocrx_word' id='word_1_96' title='bbox 653 1084 1043 1165; x_wconf 78' lang='lat' dir='ltr'><strong>pandura&#39;l&#39;roglodytarurn</strong></span> <span class='ocrx_word' id='word_1_97' title='bbox 1052 1082 1074 1161; x_wconf 87' lang='lat'><strong>],</strong></span> <span class='ocrx_word' id='word_1_98' title='bbox 1121 1082 1235 1153; x_wconf 72' lang='grc' dir='ltr'>δυτικῆς.</span> <span class='ocrx_word' id='word_1_99' title='bbox 1250 1081 1294 1139; x_wconf 83' lang='lat' dir='ltr'><strong>Ex</strong></span> <span class='ocrx_word' id='word_1_100' title='bbox 1313 1081 1415 1139; x_wconf 90' lang='lat' dir='ltr'><strong>eodem</strong></span> <span class='ocrx_word' id='word_1_101' title='bbox 1428 1082 1566 1142; x_wconf 84' lang='lat' dir='ltr'><strong>novimus</strong></span> <span class='ocrx_word' id='word_1_102' title='bbox 1578 1082 1733 1143; x_wconf 87' lang='lat' dir='ltr'><strong>Eumedem</strong></span> <span class='ocrx_word' id='word_1_103' title='bbox 1747 1086 1880 1149; x_wconf 87' lang='lat' dir='ltr'><strong>Ptolemai-</strong></span> 
     </span>
     <span class='ocr_line' id='line_1_9' title="bbox 290 1178 1880 1263; baseline 0.001 -22"><span class='ocrx_word' id='word_1_104' title='bbox 290 1196 362 1261; x_wconf 85' lang='lat' dir='ltr'><strong>etp.</strong></span> <span class='ocrx_word' id='word_1_105' title='bbox 376 1184 433 1253; x_wconf 74' lang='lat'><strong>634</strong></span> <span class='ocrx_word' id='word_1_106' title='bbox 451 1182 501 1263; x_wconf 79' lang='lat' dir='ltr'><strong>(de</strong></span> <span class='ocrx_word' id='word_1_107' title='bbox 511 1181 696 1239; x_wconf 88' lang='lat' dir='ltr'><strong>tetrachordo</strong></span> <span class='ocrx_word' id='word_1_108' title='bbox 711 1182 914 1251; x_wconf 87' lang='lat' dir='ltr'><strong>instrumento,</strong></span> <span class='ocrx_word' id='word_1_109' title='bbox 928 1200 987 1257; x_wconf 92' lang='lat' dir='ltr'><strong>quo</strong></span> <span class='ocrx_word' id='word_1_110' title='bbox 1001 1179 1027 1235; x_wconf 76' lang='lat' dir='ltr'><strong>&#39;l&#39;</strong></span> <span class='ocrx_word' id='word_1_111' title='bbox 1029 1200 1078 1236; x_wconf 92' lang='lat' dir='ltr'><strong>ro·</strong></span> <span class='ocrx_word' id='word_1_112' title='bbox 1121 1179 1168 1240; x_wconf 86' lang='lat' dir='ltr'><strong>dis</strong></span> <span class='ocrx_word' id='word_1_113' title='bbox 1186 1180 1237 1235; x_wconf 83' lang='grc' dir='ltr'><strong>τῶν</strong></span> <span class='ocrx_word' id='word_1_114' title='bbox 1258 1181 1343 1258; x_wconf 81' lang='grc' dir='ltr'>θηρῶν</span> <span class='ocrx_word' id='word_1_115' title='bbox 1369 1178 1560 1238; x_wconf 90' lang='lat' dir='ltr'><strong>conditorem.</strong></span> <span class='ocrx_word' id='word_1_116' title='bbox 1592 1180 1687 1238; x_wconf 91' lang='lat' dir='ltr'><strong>Porro</strong></span> <span class='ocrx_word' id='word_1_117' title='bbox 1706 1181 1880 1243; x_wconf 84' lang='lat' dir='ltr'><strong>Philemonem</strong></span> 
     </span>
     <span class='ocr_line' id='line_1_10' title="bbox 290 1274 1881 1357; baseline 0.002 -20"><span class='ocrx_word' id='word_1_118' title='bbox 290 1278 416 1357; x_wconf 84' lang='lat' dir='ltr'><strong>glodytae</strong></span> <span class='ocrx_word' id='word_1_119' title='bbox 423 1278 551 1357; x_wconf 85' lang='lat' dir='ltr'><strong>utantur)</strong></span> <span class='ocrx_word' id='word_1_120' title='bbox 561 1290 588 1335; x_wconf 92' lang='lat' dir='ltr'><strong>et</strong></span> <span class='ocrx_word' id='word_1_121' title='bbox 600 1276 702 1337; x_wconf 88' lang='lat' dir='ltr'><strong>AEliani</strong></span> <span class='ocrx_word' id='word_1_122' title='bbox 713 1278 785 1335; x_wconf 90' lang='lat' dir='ltr'><strong>llist.</strong></span> <span class='ocrx_word' id='word_1_123' title='bbox 797 1276 894 1337; x_wconf 89' lang='lat' dir='ltr'><strong>Anim.</strong></span> <span class='ocrx_word' id='word_1_124' title='bbox 904 1275 995 1347; x_wconf 85' lang='lat' dir='ltr'><strong>xvtt,</strong></span> <span class='ocrx_word' id='word_1_125' title='bbox 1004 1277 1022 1331; x_wconf 81' lang='grc' dir='ltr'>θ</span> <span class='ocrx_word' id='word_1_126' title='bbox 1031 1274 1077 1351; x_wconf 82' lang='lat' dir='ltr'><strong>(do</strong></span> <span class='ocrx_word' id='word_1_127' title='bbox 1122 1275 1304 1354; x_wconf 77' lang='lat' dir='ltr'><strong>praelectum,</strong></span> <span class='ocrx_word' id='word_1_128' title='bbox 1315 1275 1367 1351; x_wconf 92' lang='lat' dir='ltr'><strong>qni</strong></span> <span class='ocrx_word' id='word_1_129' title='bbox 1377 1295 1393 1332; x_wconf 91' lang='lat' dir='ltr'><strong>e</strong></span> <span class='ocrx_word' id='word_1_130' title='bbox 1403 1275 1543 1353; x_wconf 86' lang='lat' dir='ltr'><strong>Topazdn</strong></span> <span class='ocrx_word' id='word_1_131' title='bbox 1551 1276 1648 1334; x_wconf 89' lang='lat' dir='ltr'><strong>insula</strong></span> <span class='ocrx_word' id='word_1_132' title='bbox 1657 1277 1766 1356; x_wconf 90' lang='lat' dir='ltr'><strong>primus</strong></span> <span class='ocrx_word' id='word_1_133' title='bbox 1776 1300 1881 1355; x_wconf 81' lang='lat' dir='ltr'><strong>gamans</strong></span> 
     </span>
     <span class='ocr_line' id='line_1_11' title="bbox 291 1370 1881 1455; baseline 0.003 -24"><span class='ocrx_word' id='word_1_134' title='bbox 291 1394 372 1452; x_wconf 86' lang='lat' dir='ltr'><strong>cepo.</strong></span> <span class='ocrx_word' id='word_1_135' title='bbox 389 1373 548 1451; x_wconf 74' lang='lat' dir='ltr'><strong>Cingam.</strong></span> <span class='ocrx_word' id='word_1_136' title='bbox 570 1374 654 1451; x_wconf 75' lang='grc'>575)</span> <span class='ocrx_word' id='word_1_137' title='bbox 677 1386 705 1431; x_wconf 86' lang='lat' dir='ltr'><strong>et</strong></span> <span class='ocrx_word' id='word_1_138' title='bbox 725 1371 816 1444; x_wconf 70' lang='lat' dir='ltr'><strong>xiil,</strong></span> <span class='ocrx_word' id='word_1_139' title='bbox 838 1393 856 1447; x_wconf 83' lang='lat'><strong>9</strong></span> <span class='ocrx_word' id='word_1_140' title='bbox 873 1372 882 1449; x_wconf 88' lang='lat'>(</span> <span class='ocrx_word' id='word_1_141' title='bbox 897 1371 932 1429; x_wconf 85' lang='lat' dir='ltr'><strong>de</strong></span> <span class='ocrx_word' id='word_1_142' title='bbox 948 1390 1077 1428; x_wconf 90' lang='lat' dir='ltr'><strong>onocen·</strong></span> <span class='ocrx_word' id='word_1_143' title='bbox 1123 1371 1159 1431; x_wconf 91' lang='lat' dir='ltr'><strong>ad</strong></span> <span class='ocrx_word' id='word_1_144' title='bbox 1172 1372 1330 1429; x_wconf 84' lang='lat' dir='ltr'><strong>Berenicen</strong></span> <span class='ocrx_word' id='word_1_145' title='bbox 1352 1371 1500 1429; x_wconf 83' lang='lat' dir='ltr'><strong>Ptolemaei</strong></span> <span class='ocrx_word' id='word_1_146' title='bbox 1516 1370 1543 1428; x_wconf 96' lang='lat' dir='ltr'><strong>ll</strong></span> <span class='ocrx_word' id='word_1_147' title='bbox 1566 1384 1688 1430; x_wconf 89' lang='lat' dir='ltr'><strong>matrem</strong></span> <span class='ocrx_word' id='word_1_148' title='bbox 1708 1377 1806 1447; x_wconf 89' lang='lat' dir='ltr'><strong>attulit,</strong></span> <span class='ocrx_word' id='word_1_149' title='bbox 1820 1382 1881 1455; x_wconf 84' lang='lat' dir='ltr'><strong>apud</strong></span> 
     </span>
     <span class='ocr_line' id='line_1_12' title="bbox 290 1466 1882 1550; baseline 0.004 -25"><span class='ocrx_word' id='word_1_150' title='bbox 290 1470 395 1544; x_wconf 84' lang='lat' dir='ltr'><strong>tauro).</strong></span> <span class='ocrx_word' id='word_1_151' title='bbox 405 1468 713 1545; x_wconf 82' lang='lat' dir='ltr'><strong>Fuiththagorasille</strong></span> <span class='ocrx_word' id='word_1_152' title='bbox 725 1466 1078 1545; x_wconf 86' lang='lat' dir='ltr'><strong>Euphorioneantiquior,</strong></span> <span class='ocrx_word' id='word_1_153' title='bbox 1122 1468 1252 1526; x_wconf 88' lang='lat' dir='ltr'><strong>Plinium</strong></span> <span class='ocrx_word' id='word_1_154' title='bbox 1267 1467 1367 1526; x_wconf 88' lang='lat' dir='ltr'><strong>habes.</strong></span> <span class='ocrx_word' id='word_1_155' title='bbox 1382 1467 1466 1527; x_wconf 89' lang='lat' dir='ltr'><strong>Alios</strong></span> <span class='ocrx_word' id='word_1_156' title='bbox 1480 1469 1563 1527; x_wconf 89' lang='lat' dir='ltr'><strong>viros</strong></span> <span class='ocrx_word' id='word_1_157' title='bbox 1580 1469 1639 1527; x_wconf 90' lang='lat' dir='ltr'><strong>huc</strong></span> <span class='ocrx_word' id='word_1_158' title='bbox 1653 1471 1820 1547; x_wconf 83' lang='lat' dir='ltr'><strong>pertinentes</strong></span> <span class='ocrx_word' id='word_1_159' title='bbox 1829 1495 1882 1550; x_wconf 91' lang='lat' dir='ltr'><strong>pro-</strong></span> 
     </span>
     <span class='ocr_line' id='line_1_13' title="bbox 291 1563 1884 1644; baseline 0.003 -23"><span class='ocrx_word' id='word_1_160' title='bbox 291 1581 345 1621; x_wconf 85' lang='lat' dir='ltr'><strong>nea</strong></span> <span class='ocrx_word' id='word_1_161' title='bbox 358 1564 478 1623; x_wconf 79' lang='lat' dir='ltr'><strong>sortasse</strong></span> <span class='ocrx_word' id='word_1_162' title='bbox 490 1564 623 1621; x_wconf 85' lang='lat' dir='ltr'><strong>diversus</strong></span> <span class='ocrx_word' id='word_1_163' title='bbox 635 1582 652 1620; x_wconf 88' lang='lat' dir='ltr'><strong>a</strong></span> <span class='ocrx_word' id='word_1_164' title='bbox 665 1563 832 1639; x_wconf 76' lang='lat' dir='ltr'><strong>Pythagora</strong></span> <span class='ocrx_word' id='word_1_165' title='bbox 845 1566 994 1619; x_wconf 82' lang='lat' dir='ltr'><strong>Ptolemaei</strong></span> <span class='ocrx_word' id='word_1_166' title='bbox 1003 1568 1080 1634; x_wconf 82' lang='lat' dir='ltr'><strong>regis</strong></span> <span class='ocrx_word' id='word_1_167' title='bbox 1124 1564 1198 1621; x_wconf 93' lang='lat' dir='ltr'><strong>dunt</strong></span> <span class='ocrx_word' id='word_1_168' title='bbox 1219 1563 1338 1621; x_wconf 89' lang='lat' dir='ltr'><strong>nomina</strong></span> <span class='ocrx_word' id='word_1_169' title='bbox 1356 1564 1533 1638; x_wconf 87' lang='lat' dir='ltr'><strong>insularum,</strong></span> <span class='ocrx_word' id='word_1_170' title='bbox 1558 1578 1715 1642; x_wconf 89' lang='lat' dir='ltr'><strong>portuum,</strong></span> <span class='ocrx_word' id='word_1_171' title='bbox 1732 1584 1884 1644; x_wconf 91' lang='lat' dir='ltr'><strong>promonto-</strong></span> 
     </span>
     <span class='ocr_line' id='line_1_14' title="bbox 288 1656 1882 1737; baseline 0.003 -22"><span class='ocrx_word' id='word_1_172' title='bbox 288 1658 438 1735; x_wconf 84' lang='lat' dir='ltr'><strong>proesecto,</strong></span> <span class='ocrx_word' id='word_1_173' title='bbox 454 1678 539 1737; x_wconf 86' lang='lat' dir='ltr'><strong>quern</strong></span> <span class='ocrx_word' id='word_1_174' title='bbox 555 1678 673 1733; x_wconf 83' lang='lat' dir='ltr'><strong>magnas</strong></span> <span class='ocrx_word' id='word_1_175' title='bbox 686 1676 813 1733; x_wconf 88' lang='lat' dir='ltr'><strong>gemmas</strong></span> <span class='ocrx_word' id='word_1_176' title='bbox 825 1658 857 1715; x_wconf 93' lang='lat' dir='ltr'><strong>in</strong></span> <span class='ocrx_word' id='word_1_177' title='bbox 869 1656 975 1715; x_wconf 89' lang='lat' dir='ltr'><strong>insulis</strong></span> <span class='ocrx_word' id='word_1_178' title='bbox 989 1656 1079 1715; x_wconf 87' lang='lat' dir='ltr'><strong>maris</strong></span> <span class='ocrx_word' id='word_1_179' title='bbox 1125 1659 1254 1730; x_wconf 88' lang='lat' dir='ltr'><strong>riorum,</strong></span> <span class='ocrx_word' id='word_1_180' title='bbox 1272 1659 1471 1736; x_wconf 88' lang='lat' dir='ltr'><strong>specularum,</strong></span> <span class='ocrx_word' id='word_1_181' title='bbox 1486 1662 1688 1733; x_wconf 80' lang='lat' dir='ltr'><strong>venationum,</strong></span> <span class='ocrx_word' id='word_1_182' title='bbox 1707 1664 1882 1733; x_wconf 87' lang='lat' dir='ltr'><strong>castellorum,</strong></span> 
     </span>
     <span class='ocr_line' id='line_1_15' title="bbox 293 1752 1884 1833; baseline 0.001 -19"><span class='ocrx_word' id='word_1_183' title='bbox 293 1755 377 1815; x_wconf 87' lang='lat' dir='ltr'><strong>rubri</strong></span> <span class='ocrx_word' id='word_1_184' title='bbox 392 1768 457 1815; x_wconf 91' lang='lat' dir='ltr'><strong>ante</strong></span> <span class='ocrx_word' id='word_1_185' title='bbox 471 1755 610 1814; x_wconf 77' lang='lat' dir='ltr'><strong>Arabiam</strong></span> <span class='ocrx_word' id='word_1_186' title='bbox 621 1755 684 1814; x_wconf 88' lang='lat' dir='ltr'><strong>sitis</strong></span> <span class='ocrx_word' id='word_1_187' title='bbox 698 1755 842 1833; x_wconf 84' lang='lat' dir='ltr'><strong>reperisse</strong></span> <span class='ocrx_word' id='word_1_188' title='bbox 853 1754 952 1832; x_wconf 89' lang='lat' dir='ltr'><strong>prodit</strong></span> <span class='ocrx_word' id='word_1_189' title='bbox 965 1752 1081 1811; x_wconf 80' lang='lat' dir='ltr'><strong>Plinius</strong></span> <span class='ocrx_word' id='word_1_190' title='bbox 1124 1753 1273 1823; x_wconf 82' lang='lat' dir='ltr'><strong>stolarum,</strong></span> <span class='ocrx_word' id='word_1_191' title='bbox 1285 1772 1412 1811; x_wconf 90' lang='lat' dir='ltr'><strong>ararum.</strong></span> <span class='ocrx_word' id='word_1_192' title='bbox 1425 1753 1473 1811; x_wconf 90' lang='lat' dir='ltr'><strong>Sic</strong></span> <span class='ocrx_word' id='word_1_193' title='bbox 1483 1773 1520 1811; x_wconf 84' lang='lat' dir='ltr'><strong>ex</strong></span> <span class='ocrx_word' id='word_1_194' title='bbox 1528 1756 1716 1813; x_wconf 88' lang='lat' dir='ltr'><strong>Artemidoro</strong></span> <span class='ocrx_word' id='word_1_195' title='bbox 1723 1757 1753 1815; x_wconf 94' lang='lat' dir='ltr'><strong>in</strong></span> <span class='ocrx_word' id='word_1_196' title='bbox 1760 1759 1818 1815; x_wconf 88' lang='lat' dir='ltr'><strong>sinu</strong></span> <span class='ocrx_word' id='word_1_197' title='bbox 1827 1764 1884 1815; x_wconf 76' lang='lat' dir='ltr'><strong>Ara·</strong></span> 
     </span>
     <span class='ocr_line' id='line_1_16' title="bbox 292 1846 1883 1932; baseline 0.001 -23"><span class='ocrx_word' id='word_1_198' title='bbox 292 1846 433 1924; x_wconf 70' lang='lat' dir='ltr'><strong>xxxvtt</strong></span> <span class='ocrx_word' id='word_1_199' title='bbox 450 1875 486 1929; x_wconf 85' lang='lat'><strong>9.</strong></span> <span class='ocrx_word' id='word_1_200' title='bbox 508 1851 648 1910; x_wconf 88' lang='lat' dir='ltr'><strong>Nonnulli</strong></span> <span class='ocrx_word' id='word_1_201' title='bbox 663 1852 816 1909; x_wconf 86' lang='lat' dir='ltr'><strong>nominum</strong></span> <span class='ocrx_word' id='word_1_202' title='bbox 831 1850 1023 1910; x_wconf 87' lang='lat' dir='ltr'><strong>similitudine</strong></span> <span class='ocrx_word' id='word_1_203' title='bbox 1035 1870 1080 1909; x_wconf 89' lang='lat' dir='ltr'><strong>se·</strong></span> <span class='ocrx_word' id='word_1_204' title='bbox 1124 1848 1194 1908; x_wconf 87' lang='lat' dir='ltr'><strong>bico</strong></span> <span class='ocrx_word' id='word_1_205' title='bbox 1218 1864 1288 1909; x_wconf 90' lang='lat' dir='ltr'><strong>nota</strong></span> <span class='ocrx_word' id='word_1_206' title='bbox 1299 1864 1368 1909; x_wconf 88' lang='lat' dir='ltr'><strong>sunt</strong></span> <span class='ocrx_word' id='word_1_207' title='bbox 1389 1872 1397 1907; x_wconf 79' lang='lat' dir='ltr'><strong>r</strong></span> <span class='ocrx_word' id='word_1_208' title='bbox 1418 1850 1523 1929; x_wconf 80' lang='grc' dir='ltr'>Σοθχου</span> <span class='ocrx_word' id='word_1_209' title='bbox 1544 1851 1665 1932; x_wconf 76' lang='grc' dir='ltr'>φρούριον</span> <span class='ocrx_word' id='word_1_210' title='bbox 1675 1852 1734 1929; x_wconf 67' lang='lat'><strong>(⁰),</strong></span> <span class='ocrx_word' id='word_1_211' title='bbox 1753 1856 1883 1931; x_wconf 73' lang='grc' dir='ltr'>Δημητρίου</span> 
     </span>
     <span class='ocr_line' id='line_1_17' title="bbox 291 1938 1883 2029; baseline 0.001 -23"><span class='ocrx_word' id='word_1_212' title='bbox 291 1938 371 2007; x_wconf 88' lang='lat' dir='ltr'><strong>ducti</strong></span> <span class='ocrx_word' id='word_1_213' title='bbox 387 1960 503 2008; x_wconf 87' lang='lat' dir='ltr'><strong>censent</strong></span> <span class='ocrx_word' id='word_1_214' title='bbox 517 1966 534 2006; x_wconf 89' lang='lat' dir='ltr'><strong>a</strong></span> <span class='ocrx_word' id='word_1_215' title='bbox 550 1948 717 2025; x_wconf 76' lang='lat' dir='ltr'><strong>Pythagora</strong></span> <span class='ocrx_word' id='word_1_216' title='bbox 733 1969 793 2008; x_wconf 92' lang='lat' dir='ltr'><strong>non</strong></span> <span class='ocrx_word' id='word_1_217' title='bbox 813 1968 876 2007; x_wconf 87' lang='lat' dir='ltr'><strong>esse</strong></span> <span class='ocrx_word' id='word_1_218' title='bbox 896 1948 1080 2022; x_wconf 85' lang='lat' dir='ltr'><strong>distinguen·</strong></span> <span class='ocrx_word' id='word_1_219' title='bbox 1125 1946 1232 2006; x_wconf 82' lang='grc' dir='ltr'>σκοπιαί</span> <span class='ocrx_word' id='word_1_220' title='bbox 1242 1947 1319 2025; x_wconf 59' lang='lat' dir='ltr'><strong>(W),</strong></span> <span class='ocrx_word' id='word_1_221' title='bbox 1344 1946 1463 2014; x_wconf 87' lang='grc' dir='ltr'>Κόνωνος</span> <span class='ocrx_word' id='word_1_222' title='bbox 1484 1948 1586 2027; x_wconf 79' lang='grc' dir='ltr'>βωμοί,</span> <span class='ocrx_word' id='word_1_223' title='bbox 1605 1949 1710 2028; x_wconf 82' lang='grc' dir='ltr'>ΙΙοροίου</span> <span class='ocrx_word' id='word_1_224' title='bbox 1723 1950 1831 2029; x_wconf 77' lang='grc' dir='ltr'>φρούριον</span> <span class='ocrx_word' id='word_1_225' title='bbox 1849 1954 1883 2007; x_wconf 77' lang='grc' dir='ltr'><strong>καί</strong></span> 
     </span>
     <span class='ocr_line' id='line_1_18' title="bbox 221 2042 1882 2131; baseline 0 -28"><span class='ocrx_word' id='word_1_226' title='bbox 221 2124 223 2131; x_wconf 33' lang='grc' dir='ltr'>Ι</span> <span class='ocrx_word' id='word_1_227' title='bbox 293 2045 362 2104; x_wconf 89' lang='lat' dir='ltr'><strong>durn</strong></span> <span class='ocrx_word' id='word_1_228' title='bbox 382 2048 588 2121; x_wconf 76' lang='lat' dir='ltr'><strong>Orthagoreia,</strong></span> <span class='ocrx_word' id='word_1_229' title='bbox 606 2046 690 2123; x_wconf 85' lang='lat' dir='ltr'><strong>cujus</strong></span> <span class='ocrx_word' id='word_1_230' title='bbox 704 2044 802 2112; x_wconf 84' lang='grc' dir='ltr'>Ἰνδοὺς</span> <span class='ocrx_word' id='word_1_231' title='bbox 822 2044 912 2122; x_wconf 87' lang='grc' dir='ltr'>λόγους</span> <span class='ocrx_word' id='word_1_232' title='bbox 940 2057 1082 2120; x_wconf 79' lang='lat' dir='ltr'><strong>memorat</strong></span> <span class='ocrx_word' id='word_1_233' title='bbox 1125 2043 1259 2118; x_wconf 81' lang='grc' dir='ltr'><strong>κυνήγιον,</strong></span> <span class='ocrx_word' id='word_1_234' title='bbox 1273 2042 1417 2123; x_wconf 73' lang='grc' dir='ltr'>Ἀντιφίλου</span> <span class='ocrx_word' id='word_1_235' title='bbox 1439 2042 1531 2119; x_wconf 79' lang='grc' dir='ltr'>λιμήν,</span> <span class='ocrx_word' id='word_1_236' title='bbox 1551 2043 1684 2120; x_wconf 77' lang='grc' dir='ltr'>Εὐμένους</span> <span class='ocrx_word' id='word_1_237' title='bbox 1698 2044 1786 2121; x_wconf 73' lang='grc' dir='ltr'>ἄλσος,</span> <span class='ocrx_word' id='word_1_238' title='bbox 1801 2048 1882 2105; x_wconf 81' lang='grc' dir='ltr'>Φιλίτ-</span> 
     </span>
     <span class='ocr_line' id='line_1_19' title="bbox 292 2138 1883 2221; baseline -0.002 -21"><span class='ocrx_word' id='word_1_239' title='bbox 292 2142 423 2201; x_wconf 81' lang='lat' dir='ltr'><strong>AElianus</strong></span> <span class='ocrx_word' id='word_1_240' title='bbox 436 2142 511 2215; x_wconf 83' lang='lat' dir='ltr'><strong>tttt,</strong></span> <span class='ocrx_word' id='word_1_241' title='bbox 536 2145 585 2214; x_wconf 84' lang='lat'><strong>35,</strong></span> <span class='ocrx_word' id='word_1_242' title='bbox 609 2162 754 2221; x_wconf 86' lang='lat' dir='ltr'><strong>quemque</strong></span> <span class='ocrx_word' id='word_1_243' title='bbox 777 2142 813 2199; x_wconf 88' lang='lat' dir='ltr'><strong>de</strong></span> <span class='ocrx_word' id='word_1_244' title='bbox 832 2141 960 2218; x_wconf 87' lang='lat' dir='ltr'><strong>Ogyride</strong></span> <span class='ocrx_word' id='word_1_245' title='bbox 983 2141 1082 2199; x_wconf 87' lang='lat' dir='ltr'><strong>insula</strong></span> <span class='ocrx_word' id='word_1_246' title='bbox 1124 2161 1175 2197; x_wconf 86' lang='grc' dir='ltr'><strong>που</strong></span> <span class='ocrx_word' id='word_1_247' title='bbox 1191 2143 1286 2211; x_wconf 76' lang='grc' dir='ltr'>νῆσος,</span> <span class='ocrx_word' id='word_1_248' title='bbox 1308 2138 1481 2217; x_wconf 81' lang='grc' dir='ltr'>Πυθαγγίλου</span> <span class='ocrx_word' id='word_1_249' title='bbox 1495 2138 1630 2219; x_wconf 79' lang='grc' dir='ltr'>κυνήγιον,</span> <span class='ocrx_word' id='word_1_250' title='bbox 1645 2153 1766 2199; x_wconf 82' lang='lat' dir='ltr'><strong>etenira</strong></span> <span class='ocrx_word' id='word_1_251' title='bbox 1783 2141 1883 2199; x_wconf 75' lang='lat' dir='ltr'><strong>lauces:</strong></span> 
     </span>
     <span class='ocr_line' id='line_1_20' title="bbox 294 2233 1884 2316; baseline -0.001 -21"><span class='ocrx_word' id='word_1_252' title='bbox 294 2239 377 2296; x_wconf 87' lang='lat' dir='ltr'><strong>sinus</strong></span> <span class='ocrx_word' id='word_1_253' title='bbox 390 2238 503 2297; x_wconf 89' lang='lat' dir='ltr'><strong>Persici</strong></span> <span class='ocrx_word' id='word_1_254' title='bbox 516 2252 544 2295; x_wconf 91' lang='lat' dir='ltr'><strong>et</strong></span> <span class='ocrx_word' id='word_1_255' title='bbox 557 2238 688 2315; x_wconf 72' lang='lat' dir='ltr'><strong>Erythras</strong></span> <span class='ocrx_word' id='word_1_256' title='bbox 703 2238 781 2311; x_wconf 84' lang='lat' dir='ltr'><strong>regis</strong></span> <span class='ocrx_word' id='word_1_257' title='bbox 794 2236 929 2314; x_wconf 86' lang='lat' dir='ltr'><strong>sepulcro</strong></span> <span class='ocrx_word' id='word_1_258' title='bbox 943 2256 1080 2294; x_wconf 88' lang='lat' dir='ltr'><strong>unacum</strong></span> <span class='ocrx_word' id='word_1_259' title='bbox 1127 2235 1199 2313; x_wconf 83' lang='grc' dir='ltr'>Λίχα</span> <span class='ocrx_word' id='word_1_260' title='bbox 1216 2233 1301 2314; x_wconf 77' lang='grc' dir='ltr'>θήρα,</span> <span class='ocrx_word' id='word_1_261' title='bbox 1321 2234 1457 2295; x_wconf 73' lang='lat' dir='ltr'><strong>nutatim</strong></span> <span class='ocrx_word' id='word_1_262' title='bbox 1481 2236 1655 2316; x_wconf 70' lang='grc' dir='ltr'>ἀκρωτήριον,</span> <span class='ocrx_word' id='word_1_263' title='bbox 1674 2235 1779 2302; x_wconf 82' lang='grc' dir='ltr'>Λέοντος</span> <span class='ocrx_word' id='word_1_264' title='bbox 1797 2238 1884 2311; x_wconf 66' lang='lat' dir='ltr'><strong>assei,</strong></span> 
     </span>
     <span class='ocr_line' id='line_1_21' title="bbox 293 2331 1884 2411; baseline -0.001 -22"><span class='ocrx_word' id='word_1_265' title='bbox 293 2332 458 2389; x_wconf 87' lang='lat' dir='ltr'><strong>Onesicrito</strong></span> <span class='ocrx_word' id='word_1_266' title='bbox 479 2346 578 2391; x_wconf 88' lang='lat' dir='ltr'><strong>testem</strong></span> <span class='ocrx_word' id='word_1_267' title='bbox 593 2332 677 2390; x_wconf 79' lang='lat' dir='ltr'><strong>alleri</strong></span> <span class='ocrx_word' id='word_1_268' title='bbox 687 2331 793 2390; x_wconf 88' lang='lat' dir='ltr'><strong>Strabo</strong></span> <span class='ocrx_word' id='word_1_269' title='bbox 806 2352 835 2409; x_wconf 87' lang='lat' dir='ltr'><strong>p.</strong></span> <span class='ocrx_word' id='word_1_270' title='bbox 854 2332 923 2403; x_wconf 88' lang='lat'><strong>766,</strong></span> <span class='ocrx_word' id='word_1_271' title='bbox 936 2345 964 2389; x_wconf 88' lang='lat' dir='ltr'><strong>et</strong></span> <span class='ocrx_word' id='word_1_272' title='bbox 976 2331 1013 2389; x_wconf 90' lang='lat' dir='ltr'><strong>de</strong></span> <span class='ocrx_word' id='word_1_273' title='bbox 1023 2331 1082 2389; x_wconf 90' lang='lat' dir='ltr'><strong>alia</strong></span> <span class='ocrx_word' id='word_1_274' title='bbox 1128 2331 1301 2411; x_wconf 80' lang='grc' dir='ltr'>Πυθαγγελου</span> <span class='ocrx_word' id='word_1_275' title='bbox 1314 2331 1406 2409; x_wconf 76' lang='grc' dir='ltr'>λιμήν,</span> <span class='ocrx_word' id='word_1_276' title='bbox 1419 2344 1448 2391; x_wconf 89' lang='lat' dir='ltr'><strong>et</strong></span> <span class='ocrx_word' id='word_1_277' title='bbox 1459 2333 1613 2405; x_wconf 88' lang='grc' dir='ltr'>ΙΙυθολοίυυ,</span> <span class='ocrx_word' id='word_1_278' title='bbox 1634 2331 1753 2407; x_wconf 80' lang='grc' dir='ltr'>Λέοντος,</span> <span class='ocrx_word' id='word_1_279' title='bbox 1768 2334 1884 2407; x_wconf 70' lang='grc' dir='ltr'>ΙΙυθαγ-γέ·</span> 
     </span>
     <span class='ocr_line' id='line_1_22' title="bbox 294 2427 1885 2509; baseline -0.002 -24"><span class='ocrx_word' id='word_1_280' title='bbox 294 2447 326 2485; x_wconf 89' lang='lat' dir='ltr'><strong>re</strong></span> <span class='ocrx_word' id='word_1_281' title='bbox 340 2428 534 2487; x_wconf 86' lang='lat' dir='ltr'><strong>Philostratus</strong></span> <span class='ocrx_word' id='word_1_282' title='bbox 550 2429 582 2486; x_wconf 93' lang='lat' dir='ltr'><strong>in</strong></span> <span class='ocrx_word' id='word_1_283' title='bbox 597 2427 657 2486; x_wconf 86' lang='lat' dir='ltr'><strong>Vit.</strong></span> <span class='ocrx_word' id='word_1_284' title='bbox 673 2428 770 2505; x_wconf 85' lang='lat' dir='ltr'><strong>Apoll.</strong></span> <span class='ocrx_word' id='word_1_285' title='bbox 788 2427 843 2498; x_wconf 94' lang='lat' dir='ltr'><strong>lll,</strong></span> <span class='ocrx_word' id='word_1_286' title='bbox 856 2428 905 2502; x_wconf 81' lang='lat'><strong>53,</strong></span> <span class='ocrx_word' id='word_1_287' title='bbox 923 2428 975 2505; x_wconf 92' lang='lat' dir='ltr'><strong>qui</strong></span> <span class='ocrx_word' id='word_1_288' title='bbox 993 2427 1080 2486; x_wconf 87' lang='lat' dir='ltr'><strong>etiam</strong></span> <span class='ocrx_word' id='word_1_289' title='bbox 1126 2431 1183 2503; x_wconf 90' lang='grc' dir='ltr'>λου,</span> <span class='ocrx_word' id='word_1_290' title='bbox 1204 2430 1372 2509; x_wconf 82' lang='grc' dir='ltr'>Χαριμόρτου</span> <span class='ocrx_word' id='word_1_291' title='bbox 1392 2430 1488 2500; x_wconf 81' lang='grc' dir='ltr'>στῆλαι</span> <span class='ocrx_word' id='word_1_292' title='bbox 1501 2427 1547 2487; x_wconf 87' lang='grc' dir='ltr'><strong>καΙ</strong></span> <span class='ocrx_word' id='word_1_293' title='bbox 1562 2428 1657 2507; x_wconf 80' lang='grc' dir='ltr'>βωμοί.</span> <span class='ocrx_word' id='word_1_294' title='bbox 1678 2428 1813 2486; x_wconf 72' lang='lat' dir='ltr'><strong>Praeterea</strong></span> <span class='ocrx_word' id='word_1_295' title='bbox 1823 2428 1885 2504; x_wconf 89' lang='lat' dir='ltr'><strong>apud</strong></span> 
     </span>
     <span class='ocr_line' id='line_1_23' title="bbox 294 2522 1887 2603; baseline -0.002 -21"><span class='ocrx_word' id='word_1_296' title='bbox 294 2544 359 2601; x_wconf 80' lang='lat' dir='ltr'><strong>quae</strong></span> <span class='ocrx_word' id='word_1_297' title='bbox 379 2524 516 2602; x_wconf 82' lang='lat' dir='ltr'><strong>deinceps</strong></span> <span class='ocrx_word' id='word_1_298' title='bbox 537 2524 673 2600; x_wconf 89' lang='lat' dir='ltr'><strong>leguntur</strong></span> <span class='ocrx_word' id='word_1_299' title='bbox 699 2545 725 2585; x_wconf 90' lang='lat' dir='ltr'><strong>c.</strong></span> <span class='ocrx_word' id='word_1_300' title='bbox 751 2524 787 2591; x_wconf 75' lang='grc'><strong>57.</strong></span> <span class='ocrx_word' id='word_1_301' title='bbox 812 2543 858 2601; x_wconf 91' lang='lat' dir='ltr'><strong>sq.</strong></span> <span class='ocrx_word' id='word_1_302' title='bbox 877 2524 914 2581; x_wconf 93' lang='lat' dir='ltr'><strong>de</strong></span> <span class='ocrx_word' id='word_1_303' title='bbox 928 2523 1082 2583; x_wconf 80' lang='lat' dir='ltr'><strong>Gedrosia</strong></span> <span class='ocrx_word' id='word_1_304' title='bbox 1125 2527 1315 2587; x_wconf 72' lang='lat' dir='ltr'><strong>Ptolemaeum</strong></span> <span class='ocrx_word' id='word_1_305' title='bbox 1330 2538 1528 2584; x_wconf 84' lang='lat' dir='ltr'><strong>memorantur</strong></span> <span class='ocrx_word' id='word_1_306' title='bbox 1546 2522 1887 2603; x_wconf 73' lang='grc' dir='ltr'>ιΔιογένουςᾶκρον,Ἇυτιό·</span> 
     </span>
     <span class='ocr_line' id='line_1_24' title="bbox 294 2618 1886 2703; baseline -0.003 -24"><span class='ocrx_word' id='word_1_307' title='bbox 294 2642 349 2679; x_wconf 89' lang='lat' dir='ltr'><strong>ora</strong></span> <span class='ocrx_word' id='word_1_308' title='bbox 362 2640 399 2679; x_wconf 79' lang='lat' dir='ltr'><strong>ex</strong></span> <span class='ocrx_word' id='word_1_309' title='bbox 412 2622 513 2679; x_wconf 85' lang='lat' dir='ltr'><strong>eodem</strong></span> <span class='ocrx_word' id='word_1_310' title='bbox 537 2621 615 2679; x_wconf 86' lang='lat' dir='ltr'><strong>sonte</strong></span> <span class='ocrx_word' id='word_1_311' title='bbox 628 2620 759 2679; x_wconf 87' lang='lat' dir='ltr'><strong>hausisse</strong></span> <span class='ocrx_word' id='word_1_312' title='bbox 773 2619 917 2697; x_wconf 87' lang='lat' dir='ltr'><strong>putandus</strong></span> <span class='ocrx_word' id='word_1_313' title='bbox 930 2633 984 2697; x_wconf 90' lang='lat' dir='ltr'><strong>est,</strong></span> <span class='ocrx_word' id='word_1_314' title='bbox 1007 2640 1080 2698; x_wconf 80' lang='lat' dir='ltr'><strong>prae·</strong></span> <span class='ocrx_word' id='word_1_315' title='bbox 1125 2646 1174 2703; x_wconf 72' lang='grc' dir='ltr'><strong>Ιγου</strong></span> <span class='ocrx_word' id='word_1_316' title='bbox 1186 2621 1284 2695; x_wconf 84' lang='grc' dir='ltr'>σωλήν,</span> <span class='ocrx_word' id='word_1_317' title='bbox 1304 2622 1448 2697; x_wconf 80' lang='grc' dir='ltr'>’Λγαθιῖυνος</span> <span class='ocrx_word' id='word_1_318' title='bbox 1461 2625 1554 2694; x_wconf 80' lang='grc' dir='ltr'>νῆσος,</span> <span class='ocrx_word' id='word_1_319' title='bbox 1566 2618 1695 2701; x_wconf 80' lang='grc' dir='ltr'>Μύρωνος</span> <span class='ocrx_word' id='word_1_320' title='bbox 1704 2626 1790 2692; x_wconf 75' lang='grc' dir='ltr'>νῆσος,</span> <span class='ocrx_word' id='word_1_321' title='bbox 1801 2620 1886 2679; x_wconf 74' lang='grc' dir='ltr'>Διοδώ-</span> 
     </span>
     <span class='ocr_line' id='line_1_25' title="bbox 295 2716 1887 2800; baseline -0.002 -25"><span class='ocrx_word' id='word_1_322' title='bbox 295 2718 394 2776; x_wconf 89' lang='lat' dir='ltr'><strong>sertim</strong></span> <span class='ocrx_word' id='word_1_323' title='bbox 409 2737 497 2794; x_wconf 90' lang='lat' dir='ltr'><strong>quum</strong></span> <span class='ocrx_word' id='word_1_324' title='bbox 523 2718 599 2776; x_wconf 93' lang='lat' dir='ltr'><strong>inter</strong></span> <span class='ocrx_word' id='word_1_325' title='bbox 618 2717 680 2775; x_wconf 84' lang='lat' dir='ltr'><strong>haec</strong></span> <span class='ocrx_word' id='word_1_326' title='bbox 699 2717 785 2774; x_wconf 87' lang='lat' dir='ltr'><strong>etiam</strong></span> <span class='ocrx_word' id='word_1_327' title='bbox 799 2717 836 2775; x_wconf 91' lang='lat' dir='ltr'><strong>de</strong></span> <span class='ocrx_word' id='word_1_328' title='bbox 851 2716 1081 2794; x_wconf 82' lang='lat' dir='ltr'><strong>ichthyophagis</strong></span> <span class='ocrx_word' id='word_1_329' title='bbox 1127 2743 1173 2800; x_wconf 87' lang='grc' dir='ltr'><strong>ρου</strong></span> <span class='ocrx_word' id='word_1_330' title='bbox 1186 2725 1275 2793; x_wconf 76' lang='grc' dir='ltr'>νῆσος,</span> <span class='ocrx_word' id='word_1_331' title='bbox 1291 2720 1322 2777; x_wconf 90' lang='lat' dir='ltr'><strong>in</strong></span> <span class='ocrx_word' id='word_1_332' title='bbox 1333 2718 1449 2779; x_wconf 82' lang='lat' dir='ltr'><strong>Arabiae</strong></span> <span class='ocrx_word' id='word_1_333' title='bbox 1468 2739 1519 2777; x_wconf 90' lang='lat' dir='ltr'><strong>ora</strong></span> <span class='ocrx_word' id='word_1_334' title='bbox 1533 2718 1681 2779; x_wconf 81' lang='grc' dir='ltr'>Συσίττιτου</span> <span class='ocrx_word' id='word_1_335' title='bbox 1691 2717 1767 2794; x_wconf 70' lang='grc' dir='ltr'>λιμήν</span> <span class='ocrx_word' id='word_1_336' title='bbox 1784 2730 1810 2774; x_wconf 89' lang='lat' dir='ltr'><strong>et</strong></span> <span class='ocrx_word' id='word_1_337' title='bbox 1818 2716 1887 2793; x_wconf 81' lang='lat' dir='ltr'><strong>juxta</strong></span> 
     </span>
     <span class='ocr_line' id='line_1_26' title="bbox 295 2810 1886 2893; baseline -0.001 -23"><span class='ocrx_word' id='word_1_338' title='bbox 295 2830 401 2887; x_wconf 89' lang='lat' dir='ltr'><strong>pecora</strong></span> <span class='ocrx_word' id='word_1_339' title='bbox 423 2812 503 2888; x_wconf 89' lang='lat' dir='ltr'><strong>pisce</strong></span> <span class='ocrx_word' id='word_1_340' title='bbox 524 2810 669 2869; x_wconf 89' lang='lat' dir='ltr'><strong>alentibus</strong></span> <span class='ocrx_word' id='word_1_341' title='bbox 687 2830 784 2868; x_wconf 87' lang='lat' dir='ltr'><strong>sermo</strong></span> <span class='ocrx_word' id='word_1_342' title='bbox 808 2812 861 2884; x_wconf 91' lang='lat' dir='ltr'><strong>sit,</strong></span> <span class='ocrx_word' id='word_1_343' title='bbox 884 2812 962 2887; x_wconf 91' lang='lat' dir='ltr'><strong>quod</strong></span> <span class='ocrx_word' id='word_1_344' title='bbox 983 2812 1081 2888; x_wconf 90' lang='lat' dir='ltr'><strong>ipsum</strong></span> <span class='ocrx_word' id='word_1_345' title='bbox 1127 2836 1191 2875; x_wconf 89' lang='lat' dir='ltr'><strong>eam</strong></span> <span class='ocrx_word' id='word_1_346' title='bbox 1211 2815 1375 2892; x_wconf 70' lang='grc' dir='ltr'>Τιμαγένους</span> <span class='ocrx_word' id='word_1_347' title='bbox 1391 2820 1480 2887; x_wconf 74' lang='grc' dir='ltr'>νῆσος,</span> <span class='ocrx_word' id='word_1_348' title='bbox 1500 2814 1659 2893; x_wconf 78' lang='grc' dir='ltr'>Σωκράτους</span> <span class='ocrx_word' id='word_1_349' title='bbox 1677 2818 1764 2887; x_wconf 80' lang='grc' dir='ltr'>νῆσος,</span> <span class='ocrx_word' id='word_1_350' title='bbox 1776 2827 1803 2870; x_wconf 91' lang='lat' dir='ltr'><strong>et</strong></span> <span class='ocrx_word' id='word_1_351' title='bbox 1818 2825 1886 2869; x_wconf 76' lang='lat' dir='ltr'><strong>entra</strong></span> 
     </span>
     <span class='ocr_line' id='line_1_27' title="bbox 295 2906 1887 2990; baseline 0.001 -24"><span class='ocrx_word' id='word_1_352' title='bbox 295 2908 411 2970; x_wconf 91' lang='lat' dir='ltr'><strong>laudato</strong></span> <span class='ocrx_word' id='word_1_353' title='bbox 431 2909 594 2985; x_wconf 89' lang='lat' dir='ltr'><strong>Orthagora</strong></span> <span class='ocrx_word' id='word_1_354' title='bbox 615 2906 704 2966; x_wconf 81' lang='lat' dir='ltr'><strong>refert</strong></span> <span class='ocrx_word' id='word_1_355' title='bbox 718 2906 848 2966; x_wconf 85' lang='lat' dir='ltr'><strong>AElianus</strong></span> <span class='ocrx_word' id='word_1_356' title='bbox 865 2907 884 2964; x_wconf 93' lang='lat' dir='ltr'><strong>l.</strong></span> <span class='ocrx_word' id='word_1_357' title='bbox 906 2907 926 2967; x_wconf 94' lang='grc' dir='ltr'><strong>Ι.</strong></span> <span class='ocrx_word' id='word_1_358' title='bbox 943 2906 995 2966; x_wconf 87' lang='lat' dir='ltr'><strong>llis</strong></span> <span class='ocrx_word' id='word_1_359' title='bbox 1008 2906 1082 2966; x_wconf 90' lang='lat' dir='ltr'><strong>adde</strong></span> <span class='ocrx_word' id='word_1_360' title='bbox 1127 2914 1276 2990; x_wconf 76' lang='lat' dir='ltr'><strong>angustias</strong></span> <span class='ocrx_word' id='word_1_361' title='bbox 1294 2910 1479 2989; x_wconf 73' lang='grc' dir='ltr'>Ἀγαθοκλέους</span> <span class='ocrx_word' id='word_1_362' title='bbox 1497 2914 1572 2983; x_wconf 82' lang='grc' dir='ltr'>νῆσοι</span> <span class='ocrx_word' id='word_1_363' title='bbox 1593 2909 1649 2970; x_wconf 81' lang='grc' dir='ltr'>δύο.</span> <span class='ocrx_word' id='word_1_364' title='bbox 1667 2910 1794 2986; x_wconf 88' lang='lat' dir='ltr'><strong>Denique</strong></span> <span class='ocrx_word' id='word_1_365' title='bbox 1806 2908 1887 2966; x_wconf 87' lang='lat' dir='ltr'><strong>Plinio</strong></span> 
     </span>
     <span class='ocr_line' id='line_1_28' title="bbox 295 3003 1887 3087; baseline -0.002 -23"><span class='ocrx_word' id='word_1_366' title='bbox 295 3009 442 3064; x_wconf 82' lang='lat' dir='ltr'><strong>Philonem</strong></span> <span class='ocrx_word' id='word_1_367' title='bbox 460 3005 504 3064; x_wconf 85' lang='grc' dir='ltr'><strong>τθν</strong></span> <span class='ocrx_word' id='word_1_368' title='bbox 529 3005 716 3086; x_wconf 75' lang='grc' dir='ltr'>συγγράψαντα</span> <span class='ocrx_word' id='word_1_369' title='bbox 730 3003 773 3062; x_wconf 82' lang='grc' dir='ltr'><strong>τὸν</strong></span> <span class='ocrx_word' id='word_1_370' title='bbox 795 3005 830 3070; x_wconf 76' lang='lat' dir='ltr'><strong>tit</strong></span> <span class='ocrx_word' id='word_1_371' title='bbox 848 3003 986 3063; x_wconf 80' lang='grc' dir='ltr'>Αἰθιοπίαν</span> <span class='ocrx_word' id='word_1_372' title='bbox 999 3006 1081 3064; x_wconf 84' lang='grc' dir='ltr'>πλοῦν</span> <span class='ocrx_word' id='word_1_373' title='bbox 1127 3023 1199 3069; x_wconf 75' lang='lat' dir='ltr'><strong>teste</strong></span> <span class='ocrx_word' id='word_1_374' title='bbox 1220 3009 1290 3086; x_wconf 78' lang='lat' dir='ltr'><strong>(Vl,</strong></span> <span class='ocrx_word' id='word_1_375' title='bbox 1307 3010 1374 3087; x_wconf 71' lang='lat'><strong>34),</strong></span> <span class='ocrx_word' id='word_1_376' title='bbox 1402 3031 1423 3066; x_wconf 84' lang='lat' dir='ltr'><strong>a</strong></span> <span class='ocrx_word' id='word_1_377' title='bbox 1438 3031 1534 3084; x_wconf 76' lang='lat' dir='ltr'><strong>regum</strong></span> <span class='ocrx_word' id='word_1_378' title='bbox 1549 3007 1696 3085; x_wconf 68' lang='lat' dir='ltr'><strong>praesectis</strong></span> <span class='ocrx_word' id='word_1_379' title='bbox 1718 3011 1798 3064; x_wconf 84' lang='lat' dir='ltr'><strong>dictoe</strong></span> <span class='ocrx_word' id='word_1_380' title='bbox 1818 3009 1887 3061; x_wconf 77' lang='grc' dir='ltr'>Μαιυ</span> 
     </span>
     <span class='ocr_line' id='line_1_29' title="bbox 296 3099 1887 3185; baseline -0.002 -25"><span class='ocrx_word' id='word_1_381' title='bbox 296 3103 418 3179; x_wconf 74' lang='lat' dir='ltr'><strong>(Strabo</strong></span> <span class='ocrx_word' id='word_1_382' title='bbox 431 3124 461 3182; x_wconf 92' lang='lat' dir='ltr'><strong>p.</strong></span> <span class='ocrx_word' id='word_1_383' title='bbox 485 3103 541 3182; x_wconf 84' lang='lat'><strong>77)</strong></span> <span class='ocrx_word' id='word_1_384' title='bbox 560 3105 623 3161; x_wconf 89' lang='lat' dir='ltr'><strong>sive</strong></span> <span class='ocrx_word' id='word_1_385' title='bbox 639 3099 782 3162; x_wconf 75' lang='grc' dir='ltr'>Αἰθιοπικὰ</span> <span class='ocrx_word' id='word_1_386' title='bbox 798 3103 806 3178; x_wconf 71' lang='lat' dir='ltr'><strong>l</strong></span> <span class='ocrx_word' id='word_1_387' title='bbox 821 3102 959 3176; x_wconf 86' lang='lat' dir='ltr'><strong>Antigon.</strong></span> <span class='ocrx_word' id='word_1_388' title='bbox 976 3101 1090 3180; x_wconf 69' lang='lat' dir='ltr'><strong>Mirab.</strong></span> <span class='ocrx_word' id='word_1_389' title='bbox 1126 3107 1138 3185; x_wconf 84' lang='lat'><strong>(</strong></span> <span class='ocrx_word' id='word_1_390' title='bbox 1153 3128 1179 3166; x_wconf 78' lang='lat' dir='ltr'><strong>s.</strong></span> <span class='ocrx_word' id='word_1_391' title='bbox 1198 3110 1318 3183; x_wconf 83' lang='lat' dir='ltr'><strong>Mareu)</strong></span> <span class='ocrx_word' id='word_1_392' title='bbox 1342 3111 1442 3164; x_wconf 84' lang='lat' dir='ltr'><strong>insaioe</strong></span> <span class='ocrx_word' id='word_1_393' title='bbox 1455 3127 1569 3182; x_wconf 84' lang='lat' dir='ltr'><strong>aquosoe</strong></span> <span class='ocrx_word' id='word_1_394' title='bbox 1588 3121 1616 3163; x_wconf 85' lang='lat' dir='ltr'><strong>et</strong></span> <span class='ocrx_word' id='word_1_395' title='bbox 1628 3109 1760 3162; x_wconf 79' lang='lat' dir='ltr'><strong>Eratonos</strong></span> <span class='ocrx_word' id='word_1_396' title='bbox 1778 3105 1887 3180; x_wconf 76' lang='lat' dir='ltr'><strong>(Eranos</strong></span> 
     </span>
     <span class='ocr_line' id='line_1_30' title="bbox 296 3194 1887 3284; baseline 0.001 -31"><span class='ocrx_word' id='word_1_397' title='bbox 296 3221 322 3258; x_wconf 86' lang='lat' dir='ltr'><strong>c.</strong></span> <span class='ocrx_word' id='word_1_398' title='bbox 349 3199 403 3268; x_wconf 76' lang='lat'><strong>145</strong></span> <span class='ocrx_word' id='word_1_399' title='bbox 425 3199 473 3258; x_wconf 87' lang='lat' dir='ltr'><strong>ed.</strong></span> <span class='ocrx_word' id='word_1_400' title='bbox 501 3198 682 3273; x_wconf 86' lang='lat' dir='ltr'><strong>Westerm.).</strong></span> <span class='ocrx_word' id='word_1_401' title='bbox 697 3228 737 3240; x_wconf 96' lang='lat'>-</span> <span class='ocrx_word' id='word_1_402' title='bbox 760 3194 826 3274; x_wconf 91' lang='lat' dir='ltr'><strong>lpse</strong></span> <span class='ocrx_word' id='word_1_403' title='bbox 853 3195 1083 3272; x_wconf 77' lang='lat' dir='ltr'><strong>Agatharchides</strong></span> <span class='ocrx_word' id='word_1_404' title='bbox 1127 3225 1156 3261; x_wconf 87' lang='grc' dir='ltr'><strong>ν.</strong></span> <span class='ocrx_word' id='word_1_405' title='bbox 1169 3204 1189 3262; x_wconf 95' lang='lat' dir='ltr'><strong>l.</strong></span> <span class='ocrx_word' id='word_1_406' title='bbox 1204 3206 1212 3279; x_wconf 78' lang='lat' dir='ltr'><strong>l</strong></span> <span class='ocrx_word' id='word_1_407' title='bbox 1226 3211 1349 3260; x_wconf 78' lang='lat' dir='ltr'><strong>sitientes</strong></span> <span class='ocrx_word' id='word_1_408' title='bbox 1364 3202 1445 3284; x_wconf 55' lang='lat' dir='ltr'><strong>(ml.</strong></span> <span class='ocrx_word' id='word_1_409' title='bbox 1464 3202 1531 3260; x_wconf 86' lang='lat' dir='ltr'><strong>Non</strong></span> <span class='ocrx_word' id='word_1_410' title='bbox 1551 3202 1705 3260; x_wconf 88' lang='lat' dir='ltr'><strong>omittendi</strong></span> <span class='ocrx_word' id='word_1_411' title='bbox 1721 3201 1887 3276; x_wconf 84' lang='lat' dir='ltr'><strong>deniquequi</strong></span> 
     </span>
     <span class='ocr_line' id='line_1_31' title="bbox 295 3292 1887 3378; baseline 0 -27"><span class='ocrx_word' id='word_1_412' title='bbox 295 3295 313 3370; x_wconf 75' lang='lat' dir='ltr'><strong>S</strong></span> <span class='ocrx_word' id='word_1_413' title='bbox 328 3302 364 3362; x_wconf 75' lang='lat' dir='ltr'><strong>tt.</strong></span> <span class='ocrx_word' id='word_1_414' title='bbox 377 3315 407 3373; x_wconf 91' lang='lat' dir='ltr'><strong>p.</strong></span> <span class='ocrx_word' id='word_1_415' title='bbox 430 3294 484 3352; x_wconf 82' lang='lat'><strong>155</strong></span> <span class='ocrx_word' id='word_1_416' title='bbox 510 3295 547 3352; x_wconf 92' lang='lat' dir='ltr'><strong>de</strong></span> <span class='ocrx_word' id='word_1_417' title='bbox 567 3307 644 3352; x_wconf 88' lang='lat' dir='ltr'><strong>certa</strong></span> <span class='ocrx_word' id='word_1_418' title='bbox 658 3292 781 3372; x_wconf 85' lang='lat' dir='ltr'><strong>quadam</strong></span> <span class='ocrx_word' id='word_1_419' title='bbox 796 3292 1082 3372; x_wconf 81' lang='lat' dir='ltr'><strong>lolithyophagormn</strong></span> <span class='ocrx_word' id='word_1_420' title='bbox 1128 3311 1245 3357; x_wconf 90' lang='lat' dir='ltr'><strong>terreno</strong></span> <span class='ocrx_word' id='word_1_421' title='bbox 1256 3300 1364 3358; x_wconf 90' lang='lat' dir='ltr'><strong>itinere</strong></span> <span class='ocrx_word' id='word_1_422' title='bbox 1378 3299 1553 3378; x_wconf 82' lang='lat' dir='ltr'><strong>AEthiopiam</strong></span> <span class='ocrx_word' id='word_1_423' title='bbox 1566 3301 1763 3378; x_wconf 78' lang='lat' dir='ltr'><strong>explorarunt,</strong></span> <span class='ocrx_word' id='word_1_424' title='bbox 1775 3297 1887 3374; x_wconf 77' lang='lat' dir='ltr'><strong>explora-</strong></span> 
     </span>
     <span class='ocr_line' id='line_1_32' title="bbox 295 3388 1884 3473; baseline 0.001 -27"><span class='ocrx_word' id='word_1_425' title='bbox 295 3402 380 3465; x_wconf 86' lang='lat' dir='ltr'><strong>gente</strong></span> <span class='ocrx_word' id='word_1_426' title='bbox 399 3388 496 3448; x_wconf 88' lang='lat' dir='ltr'><strong>laudat</strong></span> <span class='ocrx_word' id='word_1_427' title='bbox 515 3392 662 3448; x_wconf 82' lang='lat' dir='ltr'><strong>Simmiam</strong></span> <span class='ocrx_word' id='word_1_428' title='bbox 688 3409 704 3448; x_wconf 88' lang='lat' dir='ltr'><strong>a</strong></span> <span class='ocrx_word' id='word_1_429' title='bbox 727 3389 884 3448; x_wconf 81' lang='lat' dir='ltr'><strong>Ptolemaeo</strong></span> <span class='ocrx_word' id='word_1_430' title='bbox 899 3388 942 3446; x_wconf 95' lang='grc' dir='ltr'><strong>ΙΙΙ</strong></span> <span class='ocrx_word' id='word_1_431' title='bbox 960 3390 1083 3448; x_wconf 90' lang='lat' dir='ltr'><strong>missum</strong></span> <span class='ocrx_word' id='word_1_432' title='bbox 1129 3408 1244 3473; x_wconf 89' lang='lat' dir='ltr'><strong>tamque</strong></span> <span class='ocrx_word' id='word_1_433' title='bbox 1254 3395 1483 3473; x_wconf 86' lang='lat' dir='ltr'><strong>descripserunt,</strong></span> <span class='ocrx_word' id='word_1_434' title='bbox 1496 3400 1609 3468; x_wconf 86' lang='lat' dir='ltr'><strong>Dalion,</strong></span> <span class='ocrx_word' id='word_1_435' title='bbox 1625 3402 1800 3462; x_wconf 70' lang='lat' dir='ltr'><strong>Aristomene,</strong></span> <span class='ocrx_word' id='word_1_436' title='bbox 1816 3398 1884 3458; x_wconf 82' lang='lat' dir='ltr'><strong>Bion,</strong></span> 
     </span>
     <span class='ocr_line' id='line_1_33' title="bbox 295 3478 1887 3568; baseline -0.001 -24"><span class='ocrx_word' id='word_1_437' title='bbox 295 3485 332 3544; x_wconf 89' lang='lat' dir='ltr'><strong>ad</strong></span> <span class='ocrx_word' id='word_1_438' title='bbox 346 3485 541 3566; x_wconf 82' lang='lat' dir='ltr'><strong>explorandos</strong></span> <span class='ocrx_word' id='word_1_439' title='bbox 562 3487 689 3565; x_wconf 87' lang='lat' dir='ltr'><strong>populos</strong></span> <span class='ocrx_word' id='word_1_440' title='bbox 705 3485 867 3543; x_wconf 89' lang='lat' dir='ltr'><strong>maritimos</strong></span> <span class='ocrx_word' id='word_1_441' title='bbox 886 3498 968 3542; x_wconf 82' lang='lat' dir='ltr'><strong>extra</strong></span> <span class='ocrx_word' id='word_1_442' title='bbox 985 3484 1083 3543; x_wconf 83' lang='lat' dir='ltr'><strong>fauces</strong></span> <span class='ocrx_word' id='word_1_443' title='bbox 1127 3493 1242 3563; x_wconf 87' lang='lat' dir='ltr'><strong>Basilis,</strong></span> <span class='ocrx_word' id='word_1_444' title='bbox 1253 3495 1412 3549; x_wconf 85' lang='lat' dir='ltr'><strong>Simonides</strong></span> <span class='ocrx_word' id='word_1_445' title='bbox 1425 3478 1523 3561; x_wconf 85' lang='lat' dir='ltr'><strong>minor,</strong></span> <span class='ocrx_word' id='word_1_446' title='bbox 1541 3511 1616 3568; x_wconf 89' lang='lat' dir='ltr'><strong>qnos</strong></span> <span class='ocrx_word' id='word_1_447' title='bbox 1630 3492 1686 3550; x_wconf 89' lang='lat' dir='ltr'><strong>hoc</strong></span> <span class='ocrx_word' id='word_1_448' title='bbox 1695 3491 1794 3550; x_wconf 90' lang='lat' dir='ltr'><strong>ordine</strong></span> <span class='ocrx_word' id='word_1_449' title='bbox 1806 3507 1887 3546; x_wconf 88' lang='lat' dir='ltr'><strong>recen·</strong></span> 
     </span>
     <span class='ocr_line' id='line_1_34' title="bbox 296 3580 1888 3664; baseline -0.003 -22"><span class='ocrx_word' id='word_1_450' title='bbox 296 3584 379 3642; x_wconf 85' lang='lat' dir='ltr'><strong>sinus</strong></span> <span class='ocrx_word' id='word_1_451' title='bbox 394 3583 524 3640; x_wconf 90' lang='lat' dir='ltr'><strong>Arabici.</strong></span> <span class='ocrx_word' id='word_1_452' title='bbox 535 3584 593 3640; x_wconf 88' lang='lat' dir='ltr'><strong>Alii</strong></span> <span class='ocrx_word' id='word_1_453' title='bbox 607 3595 803 3640; x_wconf 88' lang='lat' dir='ltr'><strong>memorantur</strong></span> <span class='ocrx_word' id='word_1_454' title='bbox 813 3580 1083 3639; x_wconf 83' lang='lat' dir='ltr'><strong>ducesPtolemaeo·</strong></span> <span class='ocrx_word' id='word_1_455' title='bbox 1128 3599 1173 3644; x_wconf 88' lang='lat' dir='ltr'><strong>set</strong></span> <span class='ocrx_word' id='word_1_456' title='bbox 1195 3587 1331 3661; x_wconf 81' lang='lat' dir='ltr'><strong>Plinius,</strong></span> <span class='ocrx_word' id='word_1_457' title='bbox 1347 3604 1531 3664; x_wconf 89' lang='lat' dir='ltr'><strong>quorumque</strong></span> <span class='ocrx_word' id='word_1_458' title='bbox 1549 3585 1667 3663; x_wconf 87' lang='lat' dir='ltr'><strong>priores</strong></span> <span class='ocrx_word' id='word_1_459' title='bbox 1689 3599 1762 3646; x_wconf 85' lang='lat' dir='ltr'><strong>uerte</strong></span> <span class='ocrx_word' id='word_1_460' title='bbox 1773 3597 1888 3661; x_wconf 87' lang='lat' dir='ltr'><strong>quattuor</strong></span> 
     </span>
     <span class='ocr_line' id='line_1_35' title="bbox 296 3675 1887 3759; baseline -0.002 -23"><span class='ocrx_word' id='word_1_461' title='bbox 296 3699 379 3750; x_wconf 88' lang='lat' dir='ltr'><strong>rum,</strong></span> <span class='ocrx_word' id='word_1_462' title='bbox 404 3678 546 3754; x_wconf 89' lang='lat' dir='ltr'><strong>quinum</strong></span> <span class='ocrx_word' id='word_1_463' title='bbox 567 3679 652 3735; x_wconf 90' lang='lat' dir='ltr'><strong>etiam</strong></span> <span class='ocrx_word' id='word_1_464' title='bbox 677 3675 771 3736; x_wconf 90' lang='lat' dir='ltr'><strong>libros</strong></span> <span class='ocrx_word' id='word_1_465' title='bbox 787 3677 824 3735; x_wconf 89' lang='lat' dir='ltr'><strong>de</strong></span> <span class='ocrx_word' id='word_1_466' title='bbox 847 3676 1085 3754; x_wconf 84' lang='lat' dir='ltr'><strong>expeditionibus</strong></span> <span class='ocrx_word' id='word_1_467' title='bbox 1128 3680 1340 3754; x_wconf 85' lang='lat' dir='ltr'><strong>Agatharchide</strong></span> <span class='ocrx_word' id='word_1_468' title='bbox 1353 3681 1535 3758; x_wconf 85' lang='lat' dir='ltr'><strong>antiquiores</strong></span> <span class='ocrx_word' id='word_1_469' title='bbox 1548 3693 1640 3759; x_wconf 83' lang='lat' dir='ltr'><strong>erant.</strong></span> <span class='ocrx_word' id='word_1_470' title='bbox 1659 3679 1732 3738; x_wconf 87' lang='lat' dir='ltr'><strong>Num</strong></span> <span class='ocrx_word' id='word_1_471' title='bbox 1752 3697 1887 3736; x_wconf 86' lang='lat' dir='ltr'><strong>accensen-</strong></span> 
     </span>
     <span class='ocr_line' id='line_1_36' title="bbox 298 3772 1889 3852; baseline -0.003 -19"><span class='ocrx_word' id='word_1_472' title='bbox 298 3774 398 3834; x_wconf 84' lang='lat' dir='ltr'><strong>suisin</strong></span> <span class='ocrx_word' id='word_1_473' title='bbox 409 3773 559 3852; x_wconf 87' lang='lat' dir='ltr'><strong>publicum</strong></span> <span class='ocrx_word' id='word_1_474' title='bbox 572 3773 730 3848; x_wconf 86' lang='lat' dir='ltr'><strong>ediderint,</strong></span> <span class='ocrx_word' id='word_1_475' title='bbox 742 3774 818 3832; x_wconf 88' lang='lat' dir='ltr'><strong>haud</strong></span> <span class='ocrx_word' id='word_1_476' title='bbox 828 3775 931 3851; x_wconf 87' lang='lat' dir='ltr'><strong>liquet.</strong></span> <span class='ocrx_word' id='word_1_477' title='bbox 943 3772 978 3832; x_wconf 92' lang='lat' dir='ltr'><strong>ln</strong></span> <span class='ocrx_word' id='word_1_478' title='bbox 988 3793 1086 3832; x_wconf 84' lang='lat' dir='ltr'><strong>excer·</strong></span> <span class='ocrx_word' id='word_1_479' title='bbox 1128 3775 1183 3834; x_wconf 87' lang='lat' dir='ltr'><strong>dns</strong></span> <span class='ocrx_word' id='word_1_480' title='bbox 1198 3777 1236 3835; x_wconf 90' lang='lat' dir='ltr'><strong>iis</strong></span> <span class='ocrx_word' id='word_1_481' title='bbox 1245 3776 1284 3835; x_wconf 90' lang='lat' dir='ltr'><strong>sit</strong></span> <span class='ocrx_word' id='word_1_482' title='bbox 1297 3781 1484 3849; x_wconf 82' lang='lat' dir='ltr'><strong>Damocritus,</strong></span> <span class='ocrx_word' id='word_1_483' title='bbox 1503 3778 1662 3837; x_wconf 80' lang='grc' dir='ltr'>Αἰθιοπικῶν</span> <span class='ocrx_word' id='word_1_484' title='bbox 1674 3789 1780 3848; x_wconf 89' lang='lat' dir='ltr'><strong>auctor,</strong></span> <span class='ocrx_word' id='word_1_485' title='bbox 1791 3777 1889 3832; x_wconf 83' lang='lat' dir='ltr'><strong>incerta</strong></span> 
     </span>
    </p>
   </div>
   <div class='ocr_carea' id='block_1_3' title="bbox 266 3989 1892 4618">
    <p class='ocr_par' dir='ltr' id='par_1_3' title="bbox 328 3989 1807 4055">
     <span class='ocr_line' id='line_1_37' title="bbox 328 3989 1807 4055; baseline -0.005 -15"><span class='ocrx_word' id='word_1_486' title='bbox 328 3991 360 4052; x_wconf 67' lang='grc' dir='ltr'><strong>(Ἴ</strong></span> <span class='ocrx_word' id='word_1_487' title='bbox 373 3991 488 4040; x_wconf 82' lang='lat' dir='ltr'><strong>Aristonis</strong></span> <span class='ocrx_word' id='word_1_488' title='bbox 500 3991 681 4041; x_wconf 70' lang='lat' dir='ltr'><strong>satiarentur</strong></span> <span class='ocrx_word' id='word_1_489' title='bbox 692 4005 740 4041; x_wconf 87' lang='lat' dir='ltr'><strong>una</strong></span> <span class='ocrx_word' id='word_1_490' title='bbox 751 4004 782 4042; x_wconf 86' lang='lat' dir='ltr'><strong>ex</strong></span> <span class='ocrx_word' id='word_1_491' title='bbox 795 3993 831 4053; x_wconf 84' lang='lat' dir='ltr'><strong>iis,</strong></span> <span class='ocrx_word' id='word_1_492' title='bbox 844 4005 898 4055; x_wconf 85' lang='lat' dir='ltr'><strong>qiran</strong></span> <span class='ocrx_word' id='word_1_493' title='bbox 907 3995 976 4041; x_wconf 87' lang='lat' dir='ltr'><strong>erant</strong></span> <span class='ocrx_word' id='word_1_494' title='bbox 985 3993 1010 4040; x_wconf 92' lang='lat' dir='ltr'><strong>in</strong></span> <span class='ocrx_word' id='word_1_495' title='bbox 1024 3991 1088 4040; x_wconf 82' lang='lat' dir='ltr'><strong>rias</strong></span> <span class='ocrx_word' id='word_1_496' title='bbox 1101 3991 1179 4052; x_wconf 81' lang='lat' dir='ltr'><strong>copto</strong></span> <span class='ocrx_word' id='word_1_497' title='bbox 1188 3989 1219 4039; x_wconf 90' lang='lat' dir='ltr'><strong>ad</strong></span> <span class='ocrx_word' id='word_1_498' title='bbox 1234 3991 1391 4041; x_wconf 78' lang='lat' dir='ltr'><strong>Berenicena</strong></span> <span class='ocrx_word' id='word_1_499' title='bbox 1406 3993 1468 4042; x_wconf 77' lang='lat' dir='ltr'><strong>etot.</strong></span> <span class='ocrx_word' id='word_1_500' title='bbox 1482 3995 1513 4053; x_wconf 88' lang='lat' dir='ltr'><strong>ll,</strong></span> <span class='ocrx_word' id='word_1_501' title='bbox 1527 3991 1611 4042; x_wconf 72' lang='lat' dir='ltr'><strong>duob.</strong></span> <span class='ocrx_word' id='word_1_502' title='bbox 1625 3994 1657 4041; x_wconf 78' lang='lat' dir='ltr'><strong>V.</strong></span> <span class='ocrx_word' id='word_1_503' title='bbox 1671 3990 1729 4040; x_wconf 78' lang='lat' dir='ltr'><strong>Tab.</strong></span> <span class='ocrx_word' id='word_1_504' title='bbox 1741 3991 1807 4038; x_wconf 79' lang='lat' dir='ltr'><strong>Pent.</strong></span> 
     </span>
    </p>

    <p class='ocr_par' dir='ltr' id='par_1_4' title="bbox 296 4055 1890 4204">
     <span class='ocr_line' id='line_1_38' title="bbox 328 4055 1890 4127; baseline -0.003 -15"><span class='ocrx_word' id='word_1_505' title='bbox 328 4061 374 4123; x_wconf 61' lang='lat'><strong>(⁴⁸)</strong></span> <span class='ocrx_word' id='word_1_506' title='bbox 385 4064 437 4112; x_wconf 78' lang='lat' dir='ltr'><strong>lion</strong></span> <span class='ocrx_word' id='word_1_507' title='bbox 448 4060 602 4112; x_wconf 82' lang='lat' dir='ltr'><strong>scribendum</strong></span> <span class='ocrx_word' id='word_1_508' title='bbox 616 4075 667 4112; x_wconf 85' lang='lat' dir='ltr'><strong>esse</strong></span> <span class='ocrx_word' id='word_1_509' title='bbox 676 4077 714 4124; x_wconf 87' lang='lat' dir='ltr'><strong>ap.</strong></span> <span class='ocrx_word' id='word_1_510' title='bbox 728 4064 808 4114; x_wconf 90' lang='lat' dir='ltr'><strong>strab.</strong></span> <span class='ocrx_word' id='word_1_511' title='bbox 820 4077 843 4126; x_wconf 85' lang='grc' dir='ltr'>ρ.</span> <span class='ocrx_word' id='word_1_512' title='bbox 857 4068 903 4114; x_wconf 84' lang='grc'>770</span> <span class='ocrx_word' id='word_1_513' title='bbox 918 4067 1002 4112; x_wconf 87' lang='lat' dir='ltr'><strong>eontra</strong></span> <span class='ocrx_word' id='word_1_514' title='bbox 1017 4061 1127 4112; x_wconf 81' lang='lat' dir='ltr'><strong>oudinum</strong></span> <span class='ocrx_word' id='word_1_515' title='bbox 1140 4061 1308 4112; x_wconf 85' lang='lat' dir='ltr'><strong>auctoritatem</strong></span> <span class='ocrx_word' id='word_1_516' title='bbox 1318 4061 1434 4126; x_wconf 81' lang='grc' dir='ltr'>ρροθριον,</span> <span class='ocrx_word' id='word_1_517' title='bbox 1446 4064 1570 4127; x_wconf 80' lang='grc' dir='ltr'>Τοσούχου</span> <span class='ocrx_word' id='word_1_518' title='bbox 1586 4064 1632 4127; x_wconf 81' lang='grc' dir='ltr'><strong>(τὸ</strong></span> <span class='ocrx_word' id='word_1_519' title='bbox 1646 4063 1737 4124; x_wconf 77' lang='grc' dir='ltr'>Σοίχυυ</span> <span class='ocrx_word' id='word_1_520' title='bbox 1748 4057 1813 4107; x_wconf 79' lang='lat' dir='ltr'><strong>codd.</strong></span> <span class='ocrx_word' id='word_1_521' title='bbox 1825 4055 1890 4117; x_wconf 67' lang='lat' dir='ltr'><strong>&gt;tuo</strong></span> 
     </span>
     <span class='ocr_line' id='line_1_39' title="bbox 296 4134 1879 4204; baseline 0.001 -24"><span class='ocrx_word' id='word_1_522' title='bbox 296 4149 339 4196; x_wconf 82' lang='grc' dir='ltr'><strong>ρα,</strong></span> <span class='ocrx_word' id='word_1_523' title='bbox 351 4134 378 4180; x_wconf 88' lang='lat' dir='ltr'><strong>ut</strong></span> <span class='ocrx_word' id='word_1_524' title='bbox 389 4135 496 4194; x_wconf 80' lang='lat' dir='ltr'><strong>coraym</strong></span> <span class='ocrx_word' id='word_1_525' title='bbox 507 4135 666 4183; x_wconf 85' lang='lat' dir='ltr'><strong>etcramerns</strong></span> <span class='ocrx_word' id='word_1_526' title='bbox 678 4135 795 4195; x_wconf 81' lang='lat' dir='ltr'><strong>lecerunt,</strong></span> <span class='ocrx_word' id='word_1_527' title='bbox 809 4135 922 4196; x_wconf 80' lang='lat' dir='ltr'><strong>liquatos</strong></span> <span class='ocrx_word' id='word_1_528' title='bbox 935 4134 1018 4182; x_wconf 87' lang='lat' dir='ltr'><strong>Plinio.</strong></span> <span class='ocrx_word' id='word_1_529' title='bbox 1874 4192 1879 4204; x_wconf 76' lang='lat'><strong>.</strong></span> 
     </span>
    </p>

    <p class='ocr_par' dir='ltr' id='par_1_5' title="bbox 266 4199 1891 4547">
     <span class='ocr_line' id='line_1_40' title="bbox 327 4199 1890 4268; baseline -0.009 -15"><span class='ocrx_word' id='word_1_530' title='bbox 327 4201 386 4264; x_wconf 63' lang='lat' dir='ltr'><strong>paq</strong></span> <span class='ocrx_word' id='word_1_531' title='bbox 400 4203 470 4265; x_wconf 84' lang='lat' dir='ltr'><strong>Apud</strong></span> <span class='ocrx_word' id='word_1_532' title='bbox 484 4203 547 4253; x_wconf 83' lang='lat' dir='ltr'><strong>Ptol.</strong></span> <span class='ocrx_word' id='word_1_533' title='bbox 558 4206 600 4266; x_wconf 78' lang='lat' dir='ltr'><strong>tr,</strong></span> <span class='ocrx_word' id='word_1_534' title='bbox 614 4209 638 4264; x_wconf 87' lang='grc'><strong>7,</strong></span> <span class='ocrx_word' id='word_1_535' title='bbox 651 4211 664 4254; x_wconf 82' lang='grc'><strong>5</strong></span> <span class='ocrx_word' id='word_1_536' title='bbox 675 4205 755 4254; x_wconf 82' lang='lat' dir='ltr'><strong>atisin</strong></span> <span class='ocrx_word' id='word_1_537' title='bbox 769 4206 863 4266; x_wconf 80' lang='lat' dir='ltr'><strong>regione</strong></span> <span class='ocrx_word' id='word_1_538' title='bbox 875 4207 1023 4254; x_wconf 90' lang='lat' dir='ltr'><strong>memoratur</strong></span> <span class='ocrx_word' id='word_1_539' title='bbox 1035 4203 1156 4265; x_wconf 86' lang='grc' dir='ltr'>Δήμητρος</span> <span class='ocrx_word' id='word_1_540' title='bbox 1170 4207 1270 4259; x_wconf 81' lang='grc' dir='ltr'>σκοπιᾶς</span> <span class='ocrx_word' id='word_1_541' title='bbox 1282 4202 1368 4268; x_wconf 59' lang='grc' dir='ltr'>ἄκρους</span> <span class='ocrx_word' id='word_1_542' title='bbox 1383 4203 1424 4253; x_wconf 91' lang='lat' dir='ltr'><strong>nbi</strong></span> <span class='ocrx_word' id='word_1_543' title='bbox 1437 4203 1565 4264; x_wconf 83' lang='lat' dir='ltr'><strong>legendum</strong></span> <span class='ocrx_word' id='word_1_544' title='bbox 1577 4206 1636 4264; x_wconf 87' lang='lat' dir='ltr'><strong>puto</strong></span> <span class='ocrx_word' id='word_1_545' title='bbox 1652 4221 1659 4251; x_wconf 80' lang='lat' dir='ltr'><strong>r</strong></span> <span class='ocrx_word' id='word_1_546' title='bbox 1670 4199 1798 4264; x_wconf 85' lang='grc' dir='ltr'>Δημητρίου</span> <span class='ocrx_word' id='word_1_547' title='bbox 1806 4210 1890 4250; x_wconf 75' lang='grc' dir='ltr'>σκοτία,</span> 
     </span>
     <span class='ocr_line' id='line_1_41' title="bbox 296 4272 1891 4343; baseline -0.004 -21"><span class='ocrx_word' id='word_1_548' title='bbox 296 4272 376 4337; x_wconf 71' lang='grc' dir='ltr'>ἀκρον.</span> <span class='ocrx_word' id='word_1_549' title='bbox 393 4273 481 4323; x_wconf 82' lang='lat' dir='ltr'><strong>uatem</strong></span> <span class='ocrx_word' id='word_1_550' title='bbox 498 4274 596 4322; x_wconf 83' lang='lat' dir='ltr'><strong>nomina</strong></span> <span class='ocrx_word' id='word_1_551' title='bbox 607 4275 631 4323; x_wconf 94' lang='lat' dir='ltr'><strong>ln</strong></span> <span class='ocrx_word' id='word_1_552' title='bbox 640 4274 740 4324; x_wconf 87' lang='lat' dir='ltr'><strong>diversis</strong></span> <span class='ocrx_word' id='word_1_553' title='bbox 755 4289 805 4325; x_wconf 76' lang='lat' dir='ltr'><strong>orm</strong></span> <span class='ocrx_word' id='word_1_554' title='bbox 820 4277 877 4325; x_wconf 85' lang='lat' dir='ltr'><strong>locis</strong></span> <span class='ocrx_word' id='word_1_555' title='bbox 889 4275 1011 4324; x_wconf 85' lang='lat' dir='ltr'><strong>interdum</strong></span> <span class='ocrx_word' id='word_1_556' title='bbox 1026 4273 1140 4335; x_wconf 71' lang='lat' dir='ltr'><strong>imaum,</strong></span> <span class='ocrx_word' id='word_1_557' title='bbox 1155 4287 1234 4336; x_wconf 82' lang='lat' dir='ltr'><strong>noque</strong></span> <span class='ocrx_word' id='word_1_558' title='bbox 1249 4279 1286 4324; x_wconf 83' lang='lat' dir='ltr'><strong>est</strong></span> <span class='ocrx_word' id='word_1_559' title='bbox 1296 4287 1340 4322; x_wconf 88' lang='lat' dir='ltr'><strong>eur</strong></span> <span class='ocrx_word' id='word_1_560' title='bbox 1353 4277 1561 4325; x_wconf 83' lang='lat' dir='ltr'><strong>autPtoinmteum</strong></span> <span class='ocrx_word' id='word_1_561' title='bbox 1574 4283 1618 4324; x_wconf 86' lang='lat' dir='ltr'><strong>aut</strong></span> <span class='ocrx_word' id='word_1_562' title='bbox 1630 4274 1804 4323; x_wconf 80' lang='lat' dir='ltr'><strong>Artemidorum</strong></span> <span class='ocrx_word' id='word_1_563' title='bbox 1815 4277 1891 4343; x_wconf 60' lang='lat' dir='ltr'><strong>errasse</strong></span> 
     </span>
     <span class='ocr_line' id='line_1_42' title="bbox 297 4337 1891 4410; baseline -0.008 -18"><span class='ocrx_word' id='word_1_564' title='bbox 297 4346 416 4404; x_wconf 83' lang='lat' dir='ltr'><strong>putemus.</strong></span> <span class='ocrx_word' id='word_1_565' title='bbox 426 4347 544 4394; x_wconf 80' lang='lat' dir='ltr'><strong>-Porro</strong></span> <span class='ocrx_word' id='word_1_566' title='bbox 556 4357 600 4406; x_wconf 89' lang='lat' dir='ltr'><strong>pro</strong></span> <span class='ocrx_word' id='word_1_567' title='bbox 612 4345 693 4408; x_wconf 72' lang='grc' dir='ltr'>βωμὸς</span> <span class='ocrx_word' id='word_1_568' title='bbox 702 4346 805 4410; x_wconf 80' lang='grc' dir='ltr'>Ἔρυτος</span> <span class='ocrx_word' id='word_1_569' title='bbox 816 4360 855 4407; x_wconf 82' lang='grc' dir='ltr'><strong>ορ.</strong></span> <span class='ocrx_word' id='word_1_570' title='bbox 872 4346 971 4396; x_wconf 85' lang='lat' dir='ltr'><strong>Ptolem.</strong></span> <span class='ocrx_word' id='word_1_571' title='bbox 984 4346 1002 4394; x_wconf 90' lang='lat' dir='ltr'><strong>t.</strong></span> <span class='ocrx_word' id='word_1_572' title='bbox 1016 4343 1033 4393; x_wconf 89' lang='grc' dir='ltr'><strong>Ι.</strong></span> <span class='ocrx_word' id='word_1_573' title='bbox 1045 4343 1199 4406; x_wconf 87' lang='lat' dir='ltr'><strong>probabititer</strong></span> <span class='ocrx_word' id='word_1_574' title='bbox 1211 4344 1256 4393; x_wconf 84' lang='lat' dir='ltr'><strong>init</strong></span> <span class='ocrx_word' id='word_1_575' title='bbox 1267 4345 1348 4408; x_wconf 80' lang='grc' dir='ltr'>βωμὸς</span> <span class='ocrx_word' id='word_1_576' title='bbox 1359 4345 1497 4407; x_wconf 82' lang='grc' dir='ltr'>Ἐράτωνος,</span> <span class='ocrx_word' id='word_1_577' title='bbox 1509 4358 1586 4408; x_wconf 83' lang='lat' dir='ltr'><strong>quum</strong></span> <span class='ocrx_word' id='word_1_578' title='bbox 1596 4346 1685 4394; x_wconf 86' lang='lat' dir='ltr'><strong>insutas</strong></span> <span class='ocrx_word' id='word_1_579' title='bbox 1698 4342 1820 4394; x_wconf 74' lang='lat' dir='ltr'><strong>bratonise</strong></span> <span class='ocrx_word' id='word_1_580' title='bbox 1828 4337 1891 4386; x_wconf 80' lang='lat' dir='ltr'><strong>Plinio</strong></span> 
     </span>
     <span class='ocr_line' id='line_1_43' title="bbox 266 4411 1891 4478; baseline 0.001 -18"><span class='ocrx_word' id='word_1_581' title='bbox 266 4461 269 4468; x_wconf 79' lang='grc'>,</span> <span class='ocrx_word' id='word_1_582' title='bbox 296 4414 445 4462; x_wconf 79' lang='lat' dir='ltr'><strong>noverimus.</strong></span> <span class='ocrx_word' id='word_1_583' title='bbox 459 4413 573 4463; x_wconf 89' lang='lat' dir='ltr'><strong>Similiter</strong></span> <span class='ocrx_word' id='word_1_584' title='bbox 585 4417 730 4476; x_wconf 77' lang='lat' dir='ltr'><strong>Droysenius</strong></span> <span class='ocrx_word' id='word_1_585' title='bbox 744 4417 893 4466; x_wconf 82' lang='lat' dir='ltr'><strong>Hellem&#39;sm.</strong></span> <span class='ocrx_word' id='word_1_586' title='bbox 910 4419 940 4477; x_wconf 91' lang='lat' dir='ltr'><strong>tt,</strong></span> <span class='ocrx_word' id='word_1_587' title='bbox 954 4429 976 4478; x_wconf 89' lang='lat' dir='ltr'><strong>p.</strong></span> <span class='ocrx_word' id='word_1_588' title='bbox 988 4418 1035 4465; x_wconf 81' lang='lat' dir='ltr'><strong>tte</strong></span> <span class='ocrx_word' id='word_1_589' title='bbox 1047 4427 1091 4475; x_wconf 88' lang='lat' dir='ltr'><strong>pro</strong></span> <span class='ocrx_word' id='word_1_590' title='bbox 1102 4415 1211 4477; x_wconf 79' lang='grc' dir='ltr'>Σατύρων</span> <span class='ocrx_word' id='word_1_591' title='bbox 1219 4415 1271 4476; x_wconf 73' lang='grc' dir='ltr'>ὄρος</span> <span class='ocrx_word' id='word_1_592' title='bbox 1280 4428 1319 4477; x_wconf 87' lang='lat' dir='ltr'><strong>ap.</strong></span> <span class='ocrx_word' id='word_1_593' title='bbox 1334 4416 1395 4465; x_wconf 86' lang='lat' dir='ltr'><strong>Ptol.</strong></span> <span class='ocrx_word' id='word_1_594' title='bbox 1406 4416 1422 4465; x_wconf 93' lang='lat' dir='ltr'><strong>l.</strong></span> <span class='ocrx_word' id='word_1_595' title='bbox 1434 4417 1450 4465; x_wconf 91' lang='lat' dir='ltr'><strong>l.</strong></span> <span class='ocrx_word' id='word_1_596' title='bbox 1463 4417 1508 4477; x_wconf 77' lang='lat' dir='ltr'><strong>leg.</strong></span> <span class='ocrx_word' id='word_1_597' title='bbox 1519 4415 1765 4478; x_wconf 72' lang='lat' dir='ltr'><strong>suspicaturbaropoo</strong></span> <span class='ocrx_word' id='word_1_598' title='bbox 1782 4411 1837 4472; x_wconf 73' lang='lat' dir='ltr'><strong>loos.</strong></span> <span class='ocrx_word' id='word_1_599' title='bbox 1850 4411 1891 4454; x_wconf 75' lang='lat'>⁰¹¹·</span> 
     </span>
     <span class='ocr_line' id='line_1_44' title="bbox 300 4481 1223 4547; baseline 0.002 -17"><span class='ocrx_word' id='word_1_600' title='bbox 300 4481 370 4530; x_wconf 81' lang='lat' dir='ltr'><strong>hilari</strong></span> <span class='ocrx_word' id='word_1_601' title='bbox 385 4485 456 4532; x_wconf 79' lang='lat' dir='ltr'><strong>eliam</strong></span> <span class='ocrx_word' id='word_1_602' title='bbox 468 4486 542 4544; x_wconf 81' lang='lat' dir='ltr'><strong>possit</strong></span> <span class='ocrx_word' id='word_1_603' title='bbox 552 4496 582 4532; x_wconf 84' lang='lat' dir='ltr'><strong>tn</strong></span> <span class='ocrx_word' id='word_1_604' title='bbox 595 4488 659 4534; x_wconf 84' lang='lat' dir='ltr'><strong>recle</strong></span> <span class='ocrx_word' id='word_1_605' title='bbox 674 4485 778 4536; x_wconf 82' lang='lat' dir='ltr'><strong>habeant</strong></span> <span class='ocrx_word' id='word_1_606' title='bbox 787 4487 881 4544; x_wconf 81' lang='grc' dir='ltr'>Ἀθηνᾶς</span> <span class='ocrx_word' id='word_1_607' title='bbox 892 4493 963 4545; x_wconf 86' lang='grc' dir='ltr'>νῆσος</span> <span class='ocrx_word' id='word_1_608' title='bbox 974 4485 1073 4547; x_wconf 70' lang='lat' dir='ltr'><strong>ellipsis</strong></span> <span class='ocrx_word' id='word_1_609' title='bbox 1083 4485 1223 4545; x_wconf 81' lang='grc' dir='ltr'>εὐαγγελων,</span> 
     </span>
    </p>

    <p class='ocr_par' dir='ltr' id='par_1_6' title="bbox 329 4546 1892 4618">
     <span class='ocr_line' id='line_1_45' title="bbox 329 4546 1892 4618; baseline 0.003 -18"><span class='ocrx_word' id='word_1_610' title='bbox 329 4551 402 4613; x_wconf 80' lang='lat'><strong>(****)</strong></span> <span class='ocrx_word' id='word_1_611' title='bbox 414 4553 523 4602; x_wconf 73' lang='lat' dir='ltr'><strong>bratonis</strong></span> <span class='ocrx_word' id='word_1_612' title='bbox 532 4567 619 4603; x_wconf 88' lang='lat' dir='ltr'><strong>nomen</strong></span> <span class='ocrx_word' id='word_1_613' title='bbox 631 4555 705 4604; x_wconf 85' lang='lat' dir='ltr'><strong>habea</strong></span> <span class='ocrx_word' id='word_1_614' title='bbox 716 4556 740 4605; x_wconf 88' lang='lat' dir='ltr'><strong>in</strong></span> <span class='ocrx_word' id='word_1_615' title='bbox 750 4558 778 4608; x_wconf 84' lang='lat' dir='ltr'><strong>c.</strong></span> <span class='ocrx_word' id='word_1_616' title='bbox 792 4560 866 4605; x_wconf 79' lang='lat' dir='ltr'><strong>tneor.</strong></span> <span class='ocrx_word' id='word_1_617' title='bbox 880 4559 898 4606; x_wconf 96' lang='lat' dir='ltr'><strong>t.</strong></span> <span class='ocrx_word' id='word_1_618' title='bbox 913 4559 958 4617; x_wconf 89' lang='lat' dir='ltr'><strong>ttt,</strong></span> <span class='ocrx_word' id='word_1_619' title='bbox 969 4569 993 4618; x_wconf 87' lang='lat' dir='ltr'><strong>p.</strong></span> <span class='ocrx_word' id='word_1_620' title='bbox 1005 4560 1051 4604; x_wconf 81' lang='lat' dir='ltr'><strong>tto</strong></span> <span class='ocrx_word' id='word_1_621' title='bbox 1060 4558 1089 4605; x_wconf 77' lang='lat' dir='ltr'><strong>ti.</strong></span> <span class='ocrx_word' id='word_1_622' title='bbox 1099 4560 1158 4606; x_wconf 83' lang='lat' dir='ltr'><strong>tttttt</strong></span> <span class='ocrx_word' id='word_1_623' title='bbox 1171 4557 1196 4605; x_wconf 92' lang='lat' dir='ltr'><strong>in</strong></span> <span class='ocrx_word' id='word_1_624' title='bbox 1207 4556 1365 4618; x_wconf 86' lang='lat' dir='ltr'><strong>titulotempli</strong></span> <span class='ocrx_word' id='word_1_625' title='bbox 1376 4556 1497 4607; x_wconf 83' lang='lat' dir='ltr'><strong>Plrilarnnr</strong></span> <span class='ocrx_word' id='word_1_626' title='bbox 1508 4557 1552 4606; x_wconf 78' lang='lat' dir='ltr'><strong>ins</strong></span> <span class='ocrx_word' id='word_1_627' title='bbox 1565 4576 1571 4605; x_wconf 72' lang='grc' dir='ltr'>ι</span> <span class='ocrx_word' id='word_1_628' title='bbox 1584 4553 1819 4617; x_wconf 75' lang='lat' dir='ltr'><strong>tenrunotitot</strong></span> <span class='ocrx_word' id='word_1_629' title='bbox 1829 4546 1892 4605; x_wconf 76' lang='lat' dir='ltr'><strong>tili·</strong></span> 
     </span>
    </p>
   </div>
   <div class='ocr_carea' id='block_1_4' title="bbox 211 4621 1692 4700">
    <p class='ocr_par' dir='ltr' id='par_1_7' title="bbox 211 4621 1692 4700">
     <span class='ocr_line' id='line_1_46' title="bbox 211 4621 1692 4700; baseline 0.003 -27"><span class='ocrx_word' id='word_1_630' title='bbox 211 4669 213 4673; x_wconf 16' lang='grc' dir='ltr'><em>Α</em></span> <span class='ocrx_word' id='word_1_631' title='bbox 298 4621 455 4685; x_wconf 69' lang='lat' dir='ltr'><strong>remota...</strong></span> <span class='ocrx_word' id='word_1_632' title='bbox 466 4623 691 4687; x_wconf 74' lang='lat' dir='ltr'><strong>neottttttttttt]</strong></span> <span class='ocrx_word' id='word_1_633' title='bbox 703 4627 728 4674; x_wconf 88' lang='lat' dir='ltr'><strong>ei</strong></span> <span class='ocrx_word' id='word_1_634' title='bbox 737 4628 766 4675; x_wconf 82' lang='lat' dir='ltr'><strong>tt.</strong></span> <span class='ocrx_word' id='word_1_635' title='bbox 775 4630 843 4700; x_wconf 11' lang='lat' dir='ltr'><strong>*taor</strong></span> <span class='ocrx_word' id='word_1_636' title='bbox 852 4627 877 4674; x_wconf 88' lang='lat' dir='ltr'><strong>in</strong></span> <span class='ocrx_word' id='word_1_637' title='bbox 889 4626 959 4676; x_wconf 87' lang='lat' dir='ltr'><strong>titulo</strong></span> <span class='ocrx_word' id='word_1_638' title='bbox 969 4626 1064 4687; x_wconf 88' lang='lat' dir='ltr'><strong>mutilo,</strong></span> <span class='ocrx_word' id='word_1_639' title='bbox 1077 4625 1147 4687; x_wconf 82' lang='lat' dir='ltr'><strong>eujus</strong></span> <span class='ocrx_word' id='word_1_640' title='bbox 1160 4627 1255 4676; x_wconf 84' lang='lat' dir='ltr'><strong>initium</strong></span> <span class='ocrx_word' id='word_1_641' title='bbox 1268 4647 1274 4677; x_wconf 91' lang='lat'><strong>:</strong></span> <span class='ocrx_word' id='word_1_642' title='bbox 1290 4631 1482 4678; x_wconf 64' lang='lat' dir='ltr'><strong>Eratonos...</strong></span> <span class='ocrx_word' id='word_1_643' title='bbox 1497 4630 1555 4678; x_wconf 81' lang='lat' dir='ltr'><strong>tttt</strong></span> <span class='ocrx_word' id='word_1_644' title='bbox 1582 4631 1610 4678; x_wconf 81' lang='lat'><strong>0.</strong></span> <span class='ocrx_word' id='word_1_645' title='bbox 1623 4631 1692 4677; x_wconf 88' lang='grc' dir='ltr'>ΙΣ....</span> 
     </span>
    </p>
   </div>
   <div class='ocr_carea' id='block_1_5' title="bbox 299 4699 1894 5256">
    <p class='ocr_par' dir='ltr' id='par_1_8' title="bbox 299 4699 1894 5256">
     <span class='ocr_line' id='line_1_47' title="bbox 1317 4699 1666 4749; baseline -0.006 -2"><span class='ocrx_word' id='word_1_646' title='bbox 1317 4699 1587 4749; x_wconf 71' lang='lat' dir='ltr'><strong>MlAPV..........·.KAl</strong></span> <span class='ocrx_word' id='word_1_647' title='bbox 1589 4733 1666 4748; x_wconf 86' lang='lat'><strong>........</strong></span> 
     </span>
     <span class='ocr_line' id='line_1_48' title="bbox 300 4757 1891 4831; baseline 0.007 -24"><span class='ocrx_word' id='word_1_648' title='bbox 300 4780 313 4807; x_wconf 78' lang='grc' dir='ltr'>ι</span> <span class='ocrx_word' id='word_1_649' title='bbox 330 4761 400 4812; x_wconf 85' lang='lat' dir='ltr'><strong>initio</strong></span> <span class='ocrx_word' id='word_1_650' title='bbox 413 4773 497 4811; x_wconf 77' lang='lat' dir='ltr'><strong>versus</strong></span> <span class='ocrx_word' id='word_1_651' title='bbox 512 4763 623 4814; x_wconf 72' lang='lat' dir='ltr'><strong>edixerls</strong></span> <span class='ocrx_word' id='word_1_652' title='bbox 634 4763 732 4827; x_wconf 89' lang='lat' dir='ltr'><strong>quidem</strong></span> <span class='ocrx_word' id='word_1_653' title='bbox 745 4765 817 4818; x_wconf 84' lang='lat' dir='ltr'><strong>luisse</strong></span> <span class='ocrx_word' id='word_1_654' title='bbox 826 4766 953 4830; x_wconf 61' lang='lat' dir='ltr'><strong>mistim</strong></span> <span class='ocrx_word' id='word_1_655' title='bbox 962 4767 1006 4816; x_wconf 85' lang='lat' dir='ltr'><strong>aul</strong></span> <span class='ocrx_word' id='word_1_656' title='bbox 1016 4771 1158 4830; x_wconf 84' lang='grc' dir='ltr'>στρατηγοῦ,</span> <span class='ocrx_word' id='word_1_657' title='bbox 1170 4767 1212 4816; x_wconf 87' lang='lat' dir='ltr'><strong>sed</strong></span> <span class='ocrx_word' id='word_1_658' title='bbox 1223 4767 1301 4816; x_wconf 86' lang='lat' dir='ltr'><strong>multo</strong></span> <span class='ocrx_word' id='word_1_659' title='bbox 1314 4767 1460 4831; x_wconf 87' lang='lat' dir='ltr'><strong>probabilius</strong></span> <span class='ocrx_word' id='word_1_660' title='bbox 1468 4775 1507 4819; x_wconf 89' lang='lat' dir='ltr'><strong>est</strong></span> <span class='ocrx_word' id='word_1_661' title='bbox 1517 4770 1589 4817; x_wconf 85' lang='lat' dir='ltr'><strong>tuisse</strong></span> <span class='ocrx_word' id='word_1_662' title='bbox 1605 4765 1760 4830; x_wconf 78' lang='lat' dir='ltr'><strong>tta]ttr[ttt,</strong></span> <span class='ocrx_word' id='word_1_663' title='bbox 1770 4775 1790 4811; x_wconf 86' lang='lat' dir='ltr'><strong>e.</strong></span> <span class='ocrx_word' id='word_1_664' title='bbox 1804 4773 1823 4808; x_wconf 83' lang='lat' dir='ltr'><strong>o·</strong></span> <span class='ocrx_word' id='word_1_665' title='bbox 1835 4757 1891 4818; x_wconf 68' lang='lat' dir='ltr'><strong>app·</strong></span> 
     </span>
     <span class='ocr_line' id='line_1_49' title="bbox 299 4833 1893 4902; baseline -0.001 -20"><span class='ocrx_word' id='word_1_666' title='bbox 299 4833 411 4894; x_wconf 79' lang='grc' dir='ltr'>κυνήγου,</span> <span class='ocrx_word' id='word_1_667' title='bbox 422 4833 604 4895; x_wconf 71' lang='grc' dir='ltr'>ἁρχιρυλακίτου</span> <span class='ocrx_word' id='word_1_668' title='bbox 615 4837 662 4885; x_wconf 87' lang='lat' dir='ltr'><strong>etc.</strong></span> <span class='ocrx_word' id='word_1_669' title='bbox 675 4853 687 4878; x_wconf 72' lang='lat' dir='ltr'><strong>s</strong></span> <span class='ocrx_word' id='word_1_670' title='bbox 698 4839 794 4886; x_wconf 76' lang='lat' dir='ltr'><strong>Festa.</strong></span> <span class='ocrx_word' id='word_1_671' title='bbox 809 4837 893 4887; x_wconf 74' lang='lat' dir='ltr'><strong>Nescio</strong></span> <span class='ocrx_word' id='word_1_672' title='bbox 902 4850 933 4886; x_wconf 86' lang='lat' dir='ltr'><strong>an</strong></span> <span class='ocrx_word' id='word_1_673' title='bbox 942 4837 1021 4887; x_wconf 86' lang='lat' dir='ltr'><strong>subsit</strong></span> <span class='ocrx_word' id='word_1_674' title='bbox 1029 4837 1157 4899; x_wconf 74' lang='lat' dir='ltr'><strong>prefectus</strong></span> <span class='ocrx_word' id='word_1_675' title='bbox 1170 4838 1212 4900; x_wconf 86' lang='lat' dir='ltr'><strong>qui</strong></span> <span class='ocrx_word' id='word_1_676' title='bbox 1224 4837 1287 4900; x_wconf 87' lang='lat' dir='ltr'><strong>apud</strong></span> <span class='ocrx_word' id='word_1_677' title='bbox 1298 4839 1402 4888; x_wconf 83' lang='lat' dir='ltr'><strong>Ptinimn</strong></span> <span class='ocrx_word' id='word_1_678' title='bbox 1419 4843 1461 4902; x_wconf 82' lang='lat' dir='ltr'><strong>vt,</strong></span> <span class='ocrx_word' id='word_1_679' title='bbox 1479 4839 1543 4901; x_wconf 80' lang='lat' dir='ltr'><strong>tt,§</strong></span> <span class='ocrx_word' id='word_1_680' title='bbox 1558 4843 1601 4888; x_wconf 74' lang='lat' dir='ltr'><strong>toa</strong></span> <span class='ocrx_word' id='word_1_681' title='bbox 1609 4851 1666 4887; x_wconf 81' lang='lat' dir='ltr'><strong>crim</strong></span> <span class='ocrx_word' id='word_1_682' title='bbox 1678 4840 1780 4887; x_wconf 72' lang='lat' dir='ltr'><strong>bratone</strong></span> <span class='ocrx_word' id='word_1_683' title='bbox 1790 4841 1893 4880; x_wconf 74' lang='lat' dir='ltr'><strong>memora·</strong></span> 
     </span>
     <span class='ocr_line' id='line_1_50' title="bbox 302 4899 1894 4972; baseline 0.006 -20"><span class='ocrx_word' id='word_1_684' title='bbox 302 4903 352 4962; x_wconf 87' lang='lat' dir='ltr'><strong>tur,</strong></span> <span class='ocrx_word' id='word_1_685' title='bbox 365 4905 390 4952; x_wconf 90' lang='lat' dir='ltr'><strong>et</strong></span> <span class='ocrx_word' id='word_1_686' title='bbox 401 4914 475 4963; x_wconf 87' lang='lat' dir='ltr'><strong>aquo</strong></span> <span class='ocrx_word' id='word_1_687' title='bbox 490 4901 560 4950; x_wconf 78' lang='lat' dir='ltr'><strong>dietae</strong></span> <span class='ocrx_word' id='word_1_688' title='bbox 572 4903 656 4953; x_wconf 74' lang='lat' dir='ltr'><strong>insula</strong></span> <span class='ocrx_word' id='word_1_689' title='bbox 668 4907 747 4954; x_wconf 80' lang='lat' dir='ltr'><strong>Maras</strong></span> <span class='ocrx_word' id='word_1_690' title='bbox 757 4907 793 4956; x_wconf 84' lang='lat' dir='ltr'><strong>vet</strong></span> <span class='ocrx_word' id='word_1_691' title='bbox 807 4909 916 4966; x_wconf 65' lang='lat' dir='ltr'><strong>Marem</strong></span> <span class='ocrx_word' id='word_1_692' title='bbox 927 4907 1008 4970; x_wconf 85' lang='grc' dir='ltr'>Μαρία</span> <span class='ocrx_word' id='word_1_693' title='bbox 1016 4913 1086 4966; x_wconf 78' lang='grc' dir='ltr'>νῆσος</span> <span class='ocrx_word' id='word_1_694' title='bbox 1097 4919 1137 4969; x_wconf 88' lang='lat' dir='ltr'><strong>ap.</strong></span> <span class='ocrx_word' id='word_1_695' title='bbox 1150 4907 1259 4968; x_wconf 83' lang='lat' dir='ltr'><strong>biodor.;</strong></span> <span class='ocrx_word' id='word_1_696' title='bbox 1270 4921 1314 4957; x_wconf 84' lang='lat' dir='ltr'><strong>noa</strong></span> <span class='ocrx_word' id='word_1_697' title='bbox 1327 4908 1428 4968; x_wconf 81' lang='lat' dir='ltr'><strong>aliaest,</strong></span> <span class='ocrx_word' id='word_1_698' title='bbox 1440 4909 1535 4972; x_wconf 90' lang='lat' dir='ltr'><strong>opinor,</strong></span> <span class='ocrx_word' id='word_1_699' title='bbox 1550 4909 1663 4971; x_wconf 78' lang='grc' dir='ltr'>Μύρωνος</span> <span class='ocrx_word' id='word_1_700' title='bbox 1673 4913 1742 4965; x_wconf 75' lang='grc' dir='ltr'>νῆσοι</span> <span class='ocrx_word' id='word_1_701' title='bbox 1752 4915 1788 4964; x_wconf 70' lang='grc' dir='ltr'><strong>ψ·</strong></span> <span class='ocrx_word' id='word_1_702' title='bbox 1805 4899 1858 4950; x_wconf 70' lang='grc' dir='ltr'><strong>ΡῑθΙ·</strong></span> <span class='ocrx_word' id='word_1_703' title='bbox 1868 4923 1894 4935; x_wconf 85' lang='grc'><strong>··</strong></span> 
     </span>
     <span class='ocr_line' id='line_1_51' title="bbox 299 4971 1893 5044; baseline -0.003 -23"><span class='ocrx_word' id='word_1_704' title='bbox 299 4973 418 5021; x_wconf 69' lang='lat' dir='ltr'><strong>Praeterea</strong></span> <span class='ocrx_word' id='word_1_705' title='bbox 429 4971 503 5019; x_wconf 86' lang='lat' dir='ltr'><strong>habes</strong></span> <span class='ocrx_word' id='word_1_706' title='bbox 517 4973 670 5036; x_wconf 80' lang='grc' dir='ltr'>Λυσανορίδου</span> <span class='ocrx_word' id='word_1_707' title='bbox 682 4976 774 5036; x_wconf 83' lang='grc' dir='ltr'>νῆσον(</span> <span class='ocrx_word' id='word_1_708' title='bbox 788 4976 844 5026; x_wconf 82' lang='grc' dir='ltr'>Ιιοθ.</span> <span class='ocrx_word' id='word_1_709' title='bbox 858 4979 964 5028; x_wconf 88' lang='lat' dir='ltr'><strong>Socotra</strong></span> <span class='ocrx_word' id='word_1_710' title='bbox 976 4978 1018 5040; x_wconf 74' lang='lat' dir='ltr'><strong>&gt;et</strong></span> <span class='ocrx_word' id='word_1_711' title='bbox 1026 4979 1140 5035; x_wconf 83' lang='grc' dir='ltr'>Ζηνοθίυυ</span> <span class='ocrx_word' id='word_1_712' title='bbox 1150 4980 1240 5029; x_wconf 86' lang='lat' dir='ltr'><strong>insulas</strong></span> <span class='ocrx_word' id='word_1_713' title='bbox 1251 4981 1344 5043; x_wconf 80' lang='lat' dir='ltr'><strong>sepiem</strong></span> <span class='ocrx_word' id='word_1_714' title='bbox 1353 4983 1361 5044; x_wconf 73' lang='lat' dir='ltr'><strong>t</strong></span> <span class='ocrx_word' id='word_1_715' title='bbox 1370 4983 1561 5032; x_wconf 82' lang='lat' dir='ltr'><strong>Karta-Marta</strong></span> <span class='ocrx_word' id='word_1_716' title='bbox 1573 4981 1670 5043; x_wconf 87' lang='lat' dir='ltr'><strong>hodie),</strong></span> <span class='ocrx_word' id='word_1_717' title='bbox 1679 4992 1737 5043; x_wconf 87' lang='lat' dir='ltr'><strong>quas</strong></span> <span class='ocrx_word' id='word_1_718' title='bbox 1748 4978 1801 5025; x_wconf 85' lang='lat' dir='ltr'><strong>item</strong></span> <span class='ocrx_word' id='word_1_719' title='bbox 1815 4974 1893 5020; x_wconf 76' lang='grc' dir='ltr'>οῦτοι·</span> 
     </span>
     <span class='ocr_line' id='line_1_52' title="bbox 299 5042 1893 5112; baseline 0.007 -22"><span class='ocrx_word' id='word_1_720' title='bbox 299 5042 334 5090; x_wconf 87' lang='lat' dir='ltr'><strong>ets</strong></span> <span class='ocrx_word' id='word_1_721' title='bbox 354 5053 441 5090; x_wconf 87' lang='lat' dir='ltr'><strong>nomen</strong></span> <span class='ocrx_word' id='word_1_722' title='bbox 458 5043 541 5092; x_wconf 80' lang='lat' dir='ltr'><strong>motas</strong></span> <span class='ocrx_word' id='word_1_723' title='bbox 560 5055 611 5092; x_wconf 81' lang='lat' dir='ltr'><strong>esse</strong></span> <span class='ocrx_word' id='word_1_724' title='bbox 635 5045 720 5106; x_wconf 84' lang='lat' dir='ltr'><strong>putare</strong></span> <span class='ocrx_word' id='word_1_725' title='bbox 732 5046 815 5107; x_wconf 84' lang='lat' dir='ltr'><strong>possis.</strong></span> <span class='ocrx_word' id='word_1_726' title='bbox 830 5048 862 5096; x_wconf 84' lang='lat' dir='ltr'><strong>m</strong></span> <span class='ocrx_word' id='word_1_727' title='bbox 876 5047 929 5096; x_wconf 79' lang='lat' dir='ltr'><strong>hsce</strong></span> <span class='ocrx_word' id='word_1_728' title='bbox 940 5047 1039 5096; x_wconf 87' lang='lat' dir='ltr'><strong>nomina</strong></span> <span class='ocrx_word' id='word_1_729' title='bbox 1050 5049 1105 5098; x_wconf 87' lang='lat' dir='ltr'><strong>tiata</strong></span> <span class='ocrx_word' id='word_1_730' title='bbox 1114 5050 1194 5112; x_wconf 86' lang='lat' dir='ltr'><strong>potins</strong></span> <span class='ocrx_word' id='word_1_731' title='bbox 1211 5050 1241 5098; x_wconf 92' lang='lat' dir='ltr'><strong>ad</strong></span> <span class='ocrx_word' id='word_1_732' title='bbox 1261 5051 1365 5101; x_wconf 83' lang='lat' dir='ltr'><strong>aliorum</strong></span> <span class='ocrx_word' id='word_1_733' title='bbox 1384 5052 1576 5102; x_wconf 83' lang='lat' dir='ltr'><strong>similitudinem.</strong></span> <span class='ocrx_word' id='word_1_734' title='bbox 1587 5053 1647 5101; x_wconf 80' lang='lat' dir='ltr'><strong>tiam</strong></span> <span class='ocrx_word' id='word_1_735' title='bbox 1662 5047 1810 5111; x_wconf 79' lang='grc' dir='ltr'>Διοσκορίδου</span> <span class='ocrx_word' id='word_1_736' title='bbox 1824 5045 1893 5090; x_wconf 72' lang='lat' dir='ltr'><strong>⁰tl¹¹¹¹¹</strong></span> 
     </span>
     <span class='ocr_line' id='line_1_53' title="bbox 301 5111 1892 5183; baseline 0.009 -22"><span class='ocrx_word' id='word_1_737' title='bbox 301 5125 331 5161; x_wconf 80' lang='lat' dir='ltr'><strong>ex</strong></span> <span class='ocrx_word' id='word_1_738' title='bbox 344 5111 530 5173; x_wconf 78' lang='lat' dir='ltr'><strong>asa-satorem,</strong></span> <span class='ocrx_word' id='word_1_739' title='bbox 543 5113 558 5161; x_wconf 92' lang='lat' dir='ltr'><strong>i.</strong></span> <span class='ocrx_word' id='word_1_740' title='bbox 572 5125 593 5162; x_wconf 90' lang='lat' dir='ltr'><strong>e.</strong></span> <span class='ocrx_word' id='word_1_741' title='bbox 613 5113 691 5164; x_wconf 84' lang='lat' dir='ltr'><strong>insula</strong></span> <span class='ocrx_word' id='word_1_742' title='bbox 701 5114 770 5164; x_wconf 89' lang='lat' dir='ltr'><strong>beata</strong></span> <span class='ocrx_word' id='word_1_743' title='bbox 783 5116 792 5178; x_wconf 91' lang='grc'>(</span> <span class='ocrx_word' id='word_1_744' title='bbox 806 5116 940 5179; x_wconf 76' lang='grc' dir='ltr'>εὐδαίμονες</span> <span class='ocrx_word' id='word_1_745' title='bbox 951 5123 1019 5175; x_wconf 86' lang='grc' dir='ltr'>νῆσοι</span> <span class='ocrx_word' id='word_1_746' title='bbox 1042 5118 1128 5180; x_wconf 76' lang='lat' dir='ltr'><strong>agath.</strong></span> <span class='ocrx_word' id='word_1_747' title='bbox 1143 5117 1158 5181; x_wconf 89' lang='lat'>§</span> <span class='ocrx_word' id='word_1_748' title='bbox 1174 5127 1216 5169; x_wconf 79' lang='lat' dir='ltr'><strong>rot</strong></span> <span class='ocrx_word' id='word_1_749' title='bbox 1225 5123 1252 5183; x_wconf 87' lang='lat'><strong>);</strong></span> <span class='ocrx_word' id='word_1_750' title='bbox 1270 5122 1385 5175; x_wconf 73' lang='grc' dir='ltr'>Ζηνοείυυ</span> <span class='ocrx_word' id='word_1_751' title='bbox 1403 5127 1485 5172; x_wconf 82' lang='lat' dir='ltr'><strong>autern</strong></span> <span class='ocrx_word' id='word_1_752' title='bbox 1502 5122 1586 5172; x_wconf 80' lang='lat' dir='ltr'><strong>insuta</strong></span> <span class='ocrx_word' id='word_1_753' title='bbox 1605 5135 1653 5171; x_wconf 88' lang='lat' dir='ltr'><strong>nor.</strong></span> <span class='ocrx_word' id='word_1_754' title='bbox 1667 5119 1791 5170; x_wconf 73' lang='lat' dir='ltr'><strong>amobio</strong></span> <span class='ocrx_word' id='word_1_755' title='bbox 1801 5112 1892 5175; x_wconf 69' lang='lat' dir='ltr'><strong>ti⁰l³¹¹¹</strong></span> 
     </span>
     <span class='ocr_line' id='line_1_54' title="bbox 301 5181 1893 5256; baseline -0.003 -26"><span class='ocrx_word' id='word_1_756' title='bbox 301 5181 382 5242; x_wconf 80' lang='lat' dir='ltr'><strong>dictat,</strong></span> <span class='ocrx_word' id='word_1_757' title='bbox 396 5182 437 5231; x_wconf 85' lang='lat' dir='ltr'><strong>sed</strong></span> <span class='ocrx_word' id='word_1_758' title='bbox 450 5181 482 5230; x_wconf 89' lang='lat' dir='ltr'><strong>ah</strong></span> <span class='ocrx_word' id='word_1_759' title='bbox 500 5183 583 5232; x_wconf 87' lang='lat' dir='ltr'><strong>inoolis</strong></span> <span class='ocrx_word' id='word_1_760' title='bbox 597 5197 681 5232; x_wconf 88' lang='lat' dir='ltr'><strong>earum</strong></span> <span class='ocrx_word' id='word_1_761' title='bbox 694 5185 802 5246; x_wconf 85' lang='lat' dir='ltr'><strong>Djenobi</strong></span> <span class='ocrx_word' id='word_1_762' title='bbox 815 5186 940 5236; x_wconf 85' lang='lat' dir='ltr'><strong>Arahibns.</strong></span> <span class='ocrx_word' id='word_1_763' title='bbox 954 5187 1069 5238; x_wconf 88' lang='lat' dir='ltr'><strong>similiter</strong></span> <span class='ocrx_word' id='word_1_764' title='bbox 1083 5190 1097 5237; x_wconf 80' lang='grc' dir='ltr'>θ</span> <span class='ocrx_word' id='word_1_765' title='bbox 1113 5190 1258 5252; x_wconf 64' lang='grc' dir='ltr'>Σαραπίωνος</span> <span class='ocrx_word' id='word_1_766' title='bbox 1270 5194 1294 5241; x_wconf 84' lang='lat' dir='ltr'><strong>el</strong></span> <span class='ocrx_word' id='word_1_767' title='bbox 1307 5193 1321 5240; x_wconf 83' lang='grc' dir='ltr'>θ</span> <span class='ocrx_word' id='word_1_768' title='bbox 1333 5193 1440 5250; x_wconf 84' lang='grc' dir='ltr'>Νίκωνος</span> <span class='ocrx_word' id='word_1_769' title='bbox 1452 5193 1535 5256; x_wconf 78' lang='grc' dir='ltr'>ὄρθρος</span> <span class='ocrx_word' id='word_1_770' title='bbox 1545 5198 1570 5243; x_wconf 92' lang='lat' dir='ltr'><strong>tn</strong></span> <span class='ocrx_word' id='word_1_771' title='bbox 1585 5207 1635 5242; x_wconf 80' lang='lat' dir='ltr'><strong>orat</strong></span> <span class='ocrx_word' id='word_1_772' title='bbox 1654 5191 1748 5246; x_wconf 75' lang='lat' dir='ltr'><strong>Azania</strong></span> <span class='ocrx_word' id='word_1_773' title='bbox 1760 5187 1841 5237; x_wconf 87' lang='lat' dir='ltr'><strong>inennt</strong></span> <span class='ocrx_word' id='word_1_774' title='bbox 1851 5191 1893 5228; x_wconf 82' lang='lat' dir='ltr'><strong>ara·</strong></span> 
     </span>
    </p>
   </div>
   <div class='ocr_carea' id='block_1_6' title="bbox 301 5251 1141 5338">
    <p class='ocr_par' dir='ltr' id='par_1_9' title="bbox 301 5251 1141 5338">
     <span class='ocr_line' id='line_1_55' title="bbox 301 5251 1141 5338; baseline 0.007 -38"><span class='ocrx_word' id='word_1_775' title='bbox 301 5251 355 5301; x_wconf 86' lang='lat' dir='ltr'><strong>biua</strong></span> <span class='ocrx_word' id='word_1_776' title='bbox 369 5251 465 5301; x_wconf 88' lang='lat' dir='ltr'><strong>nomina</strong></span> <span class='ocrx_word' id='word_1_777' title='bbox 478 5251 503 5301; x_wconf 92' lang='lat' dir='ltr'><strong>in</strong></span> <span class='ocrx_word' id='word_1_778' title='bbox 515 5265 591 5314; x_wconf 72' lang='lat' dir='ltr'><strong>graeca</strong></span> <span class='ocrx_word' id='word_1_779' title='bbox 603 5253 698 5305; x_wconf 82' lang='lat' dir='ltr'><strong>detorta</strong></span> <span class='ocrx_word' id='word_1_780' title='bbox 709 5256 754 5318; x_wconf 88' lang='lat' dir='ltr'><strong>(V.</strong></span> <span class='ocrx_word' id='word_1_781' title='bbox 767 5263 816 5307; x_wconf 81' lang='lat' dir='ltr'><strong>not</strong></span> <span class='ocrx_word' id='word_1_782' title='bbox 825 5257 864 5307; x_wconf 90' lang='lat' dir='ltr'><strong>ad.</strong></span> <span class='ocrx_word' id='word_1_783' title='bbox 879 5271 928 5320; x_wconf 82' lang='lat' dir='ltr'><strong>pen</strong></span> <span class='ocrx_word' id='word_1_784' title='bbox 939 5270 971 5306; x_wconf 93' lang='lat' dir='ltr'><strong>m.</strong></span> <span class='ocrx_word' id='word_1_785' title='bbox 983 5261 1022 5338; x_wconf 65' lang='lat' dir='ltr'><strong>llr.</strong></span> <span class='ocrx_word' id='word_1_786' title='bbox 1039 5271 1064 5322; x_wconf 84' lang='lat' dir='ltr'><strong>p.</strong></span> <span class='ocrx_word' id='word_1_787' title='bbox 1077 5263 1141 5322; x_wconf 76' lang='lat' dir='ltr'><strong>tot).</strong></span> 
     </span>
    </p>
   </div>
   <div class='ocr_carea' id='block_1_7' title="bbox 0 0 1995 5925">
    <p class='ocr_par' dir='ltr' id='par_1_10' title="bbox 0 0 1995 5925">
     <span class='ocr_line' id='line_1_56' title="bbox 0 0 1995 5925; baseline 0 0"><span class='ocrx_word' id='word_1_788' title='bbox 0 0 1995 5925; x_wconf 95' lang='lat' dir='ltr'><strong> </strong></span> 
     </span>
    </p>
   </div>
  </div>
 </body>
</html>
