3950 5925
233 394 265 437 tt
933 378 1144 440 PRAEFATlO.

234 510 423 604 subjicitur
444 507 607 605 ejusdem
629 512 735 581 maris
756 510 928 607 periplus,
952 536 1062 607 quem
1084 511 1211 580 incerti
1234 511 1297 579 aevi
1321 511 1476 607 scriptor
1504 536 1700 607 anonymus
1718 524 1814 587 extlr-

234 634 335 703 riano
364 634 516 729 aliisque
539 634 701 703 lontibus
733 634 977 703 concinnavit.
1002 633 1176 703 Similiter
1194 648 1277 729 post
1301 634 1499 729 periegesin
1533 634 1728 725 iambicam,
1750 666 1816 735 qua

234 756 380 850 Scymni
399 756 479 825 Chii
497 756 567 826 dici
585 756 687 844 solet,
707 756 903 827 versiculos
918 758 1084 852 Dionysii
1103 754 1333 853 Calliphonte
1351 758 1426 827 nati
1443 756 1710 828 collocavimus.

282 881 398 950 Verba
415 906 538 975 grace,
556 880 769 977 ubicunque
786 879 861 951 lieri
887 881 1020 977 potuit,
1036 906 1056 949 e
1075 880 1457 968 codicibusParisinis,
1473 882 1657 968 Romanis,
1675 886 1819 957 Escoria-
1912 959 1913 990 ,

234 1000 397 1073 lensibus
427 1003 480 1073 vel
503 1003 626 1074 denuo
658 1004 713 1073 vel
734 1028 834 1075 nunc
858 1005 1018 1099 primum
1040 1003 1180 1073 collatis
1208 1005 1506 1099 recognovimus,
1535 1003 1644 1074 latina
1654 1021 1718 1074 aut
1742 1032 1820 1079 nova

235 1124 363 1197 damus
377 1142 438 1199 aut
455 1126 583 1223 priscis
597 1125 855 1197 emendatiora.
867 1126 976 1195 Crisis
994 1148 1108 1221 quum
1123 1126 1259 1196 bonam
1275 1142 1414 1222 partem
1434 1127 1472 1198 in
1490 1127 1730 1222 dijudicandis
1744 1130 1824 1201 loco

235 1274 315 1320 rum
338 1250 551 1321 nominibus
566 1264 602 1320 et
623 1249 805 1320 distantiis
826 1249 943 1345 posita
962 1250 1007 1318 sit
1023 1273 1092 1318 nec
1116 1249 1186 1319 rite
1201 1252 1316 1346 possit
1331 1252 1508 1340 exerceri,
1530 1250 1603 1323 nisi
1618 1253 1656 1321 in
1676 1278 1731 1322 res
1742 1253 1823 1348 ipsas

235 1374 395 1469 penitius
411 1369 654 1469 inquisiveris,
669 1372 944 1444 annotationem
965 1371 1232 1443 elaboravimus
1251 1373 1375 1470 paullo
1391 1374 1611 1460 uberiorem,
1626 1400 1703 1471 quae
1715 1391 1749 1445 et
1763 1402 1828 1445 ver·

237 1498 368 1569 borum
389 1498 548 1567 rationes
564 1512 600 1567 et
621 1520 741 1566 rerum
762 1510 946 1567 momenta
964 1498 1143 1593 praecipua
1162 1496 1437 1593 complectatur.
1459 1497 1595 1568 Sedulo
1618 1499 1772 1567 cavimus
1789 1525 1828 1568 ne

237 1621 382 1717 vestigia
395 1620 595 1716 legeremus
615 1642 754 1705 eorum,
771 1620 835 1715 qui
850 1620 994 1689 muneri
1010 1644 1078 1693 suo
1091 1620 1177 1689 satis
1195 1620 1321 1690 secisse
1340 1621 1410 1689 sibi
1425 1619 1608 1704 videntur,
1633 1621 1662 1689 si
1680 1621 1829 1717 priorum

237 1750 477 1842 interpretum
493 1744 638 1815 notulas
657 1743 759 1813 nullo
774 1742 985 1813 discrimine
1025 1744 1268 1814 coacervarint
1287 1743 1403 1839 iisque
1423 1742 1469 1813 de
1486 1768 1553 1814 suo
1572 1768 1672 1840 penu
1687 1742 1832 1813 subinde
1929 1811 1931 1852 γ

236 1868 372 1964 aliquid
391 1867 645 1964 adsperserint.
660 1870 739 1953 Qua
754 1865 902 1963 quidem
924 1889 962 1935 re
979 1863 1070 1935 nibil
1093 1867 1176 1936 novi
1197 1865 1242 1935 ad
1263 1865 1417 1935 fructum
1435 1866 1564 1936 exilius
1580 1881 1617 1936 et
1635 1866 1679 1936 ad
1695 1865 1831 1935 taedium

237 1989 495 2087 literarumque
524 2004 777 2086 contemptum
805 1986 997 2059 efficacius.
1025 1994 1197 2060 Praeterea
1226 1989 1460 2085 temperanda
1480 2005 1557 2059 erat
1575 1989 1761 2059 annotatio
1775 2012 1835 2083 pm
1933 1953 1936 2090 l

237 2113 462 2209 singulorum
482 2114 698 2209 scriptorum
713 2111 875 2209 pondere
890 2126 924 2181 et
940 2112 1201 2208 interpretandi
1219 2111 1439 2183 difficultate.
1455 2112 1564 2197 Quod
1583 2138 1658 2182 non
1682 2110 1835 2181 monuis-

239 2262 327 2319 sem,
350 2236 417 2305 nisi
438 2260 516 2305 mos
542 2236 744 2306 contrarius
766 2233 959 2304 obtineret.
988 2238 1077 2303 Nam
1099 2234 1266 2329 Dionysii
1284 2237 1506 2330 Periegesin,
1531 2259 1647 2331 quum
1665 2235 1837 2329 juventuti

239 2360 484 2455 potiusquam
502 2357 694 2428 doctorum
711 2356 747 2425 in
770 2380 877 2426 usum
898 2356 1029 2451 scripta
1046 2356 1103 2442 sit,
1118 2371 1154 2425 et
1171 2371 1333 2426 veterum
1349 2372 1384 2427 et
1399 2360 1645 2429 recentiorum
1661 2381 1839 2428 commen·

238 2483 337 2553 tariis
361 2480 473 2552 habes
492 2495 673 2567 onustam,
693 2478 782 2549 dum
802 2478 1022 2573 inelegantes
1035 2478 1184 2574 quidem
1200 2479 1264 2549 sed
1282 2480 1539 2551 accuratissimi
1553 2481 1776 2577 geographiae
1791 2504 1841 2547 re·

239 2605 454 2676 conditioris
470 2606 663 2700 scriptores
678 2601 829 2697 neglecti
843 2602 963 2696 jacent
979 2616 1015 2671 et
1036 2605 1223 2672 contemti.
1243 2603 1414 2673 Similiter
1429 2605 1466 2672 in
1482 2604 1603 2674 latinis
1622 2604 1841 2700 Pomponius

238 2728 349 2817 Mela,
368 2726 554 2822 jucundus
579 2724 639 2795 ille
659 2740 695 2795 et
711 2724 805 2795 lectu
828 2723 956 2811 lacilis,
981 2724 1321 2818 interpretationum
1345 2725 1441 2795 mole
1464 2725 1644 2815 obruitur,
1666 2727 1845 2797 Plinianos

238 2876 325 2921 xero
341 2850 453 2921 libros
468 2847 739 2945 geographicOS,
762 2846 968 2916 thesaurum
985 2845 1216 2934 ditissimum,
1237 2862 1273 2915 at
1291 2871 1384 2942 opus
1399 2848 1728 2938 intricatissimum,
1747 2846 1844 2946 quasi

240 2988 377 3070 pestem
398 2997 525 3043 omnes
548 2971 749 3066 defugiunt.
769 2973 846 3039 lam
867 2984 905 3039 ut
922 2968 1007 3038 illuc
1020 2984 1186 3057 revertar,
1201 2970 1237 3038 in
1253 2969 1455 3041 Stadiasmo
1469 2971 1579 3039 maris
1593 2968 1845 3044 mediterranei

240 3109 274 3164 et
301 3091 440 3188 periplo
460 3093 569 3162 maris
594 3091 766 3186 Erythrai
788 3103 822 3160 et
839 3089 1020 3159 similibus
1040 3099 1170 3184 parum
1186 3089 1400 3185 proieceris,
1416 3091 1486 3160 nisi
1508 3092 1754 3162 recentiorum
1776 3092 1847 3160 via·

241 3232 363 3302 torum
380 3215 493 3284 libros
511 3229 547 3284 et
564 3228 682 3284 cetera
705 3212 867 3283 subsidia
885 3214 922 3282 in
941 3213 1250 3308 interpretationis
1277 3228 1417 3308 partem
1438 3213 1596 3283 traxeris.
1613 3213 1849 3292 Paucioribus

240 3339 389 3434 defungi
404 3337 487 3407 licet
510 3336 576 3406 ubi
592 3334 638 3406 de
653 3337 789 3406 Graecia
809 3335 961 3430 aliisque
976 3335 1185 3430 regionibus
1204 3336 1402 3405 notissimis
1427 3361 1546 3406 sermo
1567 3352 1632 3424 est,
1655 3337 1850 3434 dequibus

240 3465 367 3532 citasse
384 3460 586 3546 volumina,
602 3484 681 3553 quae
700 3459 865 3529 omnium
881 3481 989 3527 manu
1008 3471 1185 3546 teruntur,
1200 3456 1344 3527 sufficit.
1365 3463 1407 3527 In
1424 3460 1605 3530 Marciano
1621 3487 1698 3531 non
1718 3476 1774 3531 est
1788 3485 1853 3530 cur

240 3581 437 3677 explicetur
459 3579 688 3662 Ptolemaeus,
706 3604 748 3649 ex
768 3604 843 3675 quo
865 3578 927 3649 ille
951 3602 1014 3647 sua
1032 3592 1174 3648 tantum
1195 3604 1271 3648 non
1294 3580 1418 3649 omnia
1438 3580 1633 3669 desumsit,
1654 3581 1721 3652 sed
1744 3580 1853 3652 cardo

242 3704 291 3772 rei
309 3717 469 3772 versatur
486 3702 523 3772 in
539 3700 746 3772 indicandis
764 3701 852 3772 locis
865 3700 999 3796 quibus
1014 3699 1060 3770 ab
1072 3725 1116 3769 eo
1131 3678 1266 3771 recedit
1274 3703 1476 3773 Marcianus
1486 3704 1540 3773 vel
1558 3705 1621 3774 ubi
1637 3706 1855 3778 melioribus

241 3849 351 3921 quarn
370 3825 477 3895 nobis
489 3825 562 3918 jam
583 3841 712 3921 praesto
731 3839 817 3894 sunt
833 3823 1013 3894 Ptolemaei
1031 3823 1133 3894 libris
1146 3849 1234 3894 usus
1249 3849 1327 3895 esse
1344 3825 1497 3896 videtur.
1513 3827 1629 3920 Major
1647 3831 1757 3900 etiam
1774 3831 1855 3899 bre-

241 3949 331 4018 ritas
347 3947 444 4017 cadit
460 3949 497 4017 in
514 3947 776 4043 descriptiones
790 3947 901 4016 totius
921 3945 1022 4016 orbis
1038 3961 1225 4033 terrarum,
1242 3945 1306 4016 ubi
1329 3972 1471 4018 summa
1487 3950 1603 4045 posita
1622 3965 1676 4020 est
1703 3953 1741 4020 in
1763 3953 1855 4022 deli·

242 4067 398 4156 nieudo,
413 4068 513 4165 quod
531 4070 782 4165 unusquisque
799 4084 924 4138 auctor
941 4069 1171 4164 expresserit,
1185 4083 1375 4164 systemate
1393 4069 1644 4166 geographico.

290 4191 435 4262 'sabulis
447 4193 507 4262 aeri
526 4193 648 4263 incisis
664 4217 728 4264 cur
742 4193 874 4289 scripta
890 4191 1036 4264 destitui
1054 4190 1298 4279 noluerimus,
1312 4191 1431 4262 dicere
1446 4193 1616 4288 putidum
1633 4194 1691 4263 sit.
1706 4196 1856 4280 Quibus

242 4323 279 4386 iu
300 4314 526 4386 delineandis
541 4314 693 4386 eandem
717 4341 826 4412 quarn
849 4316 886 4385 in
908 4317 1144 4385 annotatione
1164 4315 1543 4410 normamsequimur.
1571 4315 1745 4387 Videlicet
1764 4319 1856 4390 alias

242 4438 397 4509 babebis
414 4438 553 4510 tabulas
568 4439 739 4527 minores,
758 4463 838 4536 quac
852 4438 908 4508 vel
923 4438 1052 4507 orbem
1070 4452 1245 4507 terrarum
1257 4461 1300 4506 ex
1314 4438 1400 4508 certi
1416 4438 1605 4532 cujusdam
1628 4457 1749 4512 mente
1770 4469 1858 4537 geo-

242 4562 369 4658 grapbi
389 4559 627 4650 adumbrant,
645 4561 699 4630 vel
715 4562 760 4631 ad
776 4585 840 4631 eos
855 4561 1049 4656 scriptores
1068 4560 1269 4656 pertinent,
1291 4559 1328 4629 in
1351 4561 1486 4656 quibus
1511 4586 1584 4631 non
1604 4576 1676 4632 tam
1692 4561 1764 4634 boc
1782 4566 1858 4659 agi-

216 4707 217 4712 *
242 4700 302 4754 tur
318 4699 358 4754 ut
376 4684 466 4754 situs·
478 4682 683 4779 exploretur
696 4683 882 4772 locorum,
899 4709 1009 4780 quarn
1029 4697 1070 4752 ut
1083 4706 1247 4778 quaenam
1262 4697 1298 4752 et
1314 4698 1405 4778 quot
1421 4685 1673 4780 uniusquisque
1685 4685 1763 4756 loca
1781 4713 1860 4757 me-

243 4808 392 4877 morarit
415 4822 453 4878 et
474 4806 609 4902 quibus
630 4809 793 4902 regiones
817 4806 996 4877 limitibus
1023 4805 1361 4902 circumscripserit,
1378 4831 1455 4876 uno
1481 4805 1672 4876 oculorum
1702 4807 1857 4879 obtuitu

244 4931 357 5024 possit
373 4928 646 5026 comprehendi.
666 4935 801 5003 Contra
821 4955 906 5000 vero
925 4930 1063 5026 amplas
1076 4943 1107 4999 et
1125 4928 1408 4998 accuratissimus
1421 4927 1491 5000 sibi
1509 4928 1647 5000 tabulas
1664 4929 1859 5025 postulant

246 5051 268 5119 ii
283 5048 504 5144 periplorurn
519 5065 683 5122 arrctores
698 5052 761 5146 qui
785 5049 924 5120 millum
946 5075 1020 5120 non
1041 5049 1173 5121 radunt
1200 5050 1307 5120 maris
1322 5074 1520 5138 recessum,
1538 5049 1680 5138 nullum
1700 5077 1773 5122 non
1796 5077 1857 5122 re-

245 5186 388 5242 censent
411 5173 527 5242 rictnn
559 5172 610 5242 rel
643 5171 830 5244 lluriulum
863 5173 914 5242 rel
939 5173 1134 5244 solitariam
1157 5174 1193 5244 in
1225 5201 1352 5246 saxoso
1378 5173 1483 5244 litore
1509 5175 1629 5243 licum.
1648 5179 1782 5243 tiorum
1813 5177 1854 5243 in

1936 2095 1937 2136 l

1936 2143 1938 2182 l

1937 2185 1939 2226 l
