3950 5925
286 464 403 505 txttxvt

951 445 1250 507 ettottttottsn's.

286 598 358 652 «pras
385 578 434 635 ria
457 576 589 649 duceret,
612 589 744 635 naturam
760 587 789 633 et
810 588 974 653 proventus
984 588 1070 654 atque
1110 589 1166 634 tem
1175 588 1204 634 et
1214 575 1365 651 Tigridem
1375 575 1479 635 fluvios
1489 576 1556 635 sitas
1568 577 1778 655 pertiuent3de
1790 598 1882 639 remo-

286 674 463 750 populorum
485 692 580 733 mores
601 686 629 731 et
649 672 781 731 instituta
798 686 828 730 et
846 692 910 749 quae
932 686 1027 731 cetera
1038 674 1070 731 in
1110 671 1180 729 tiori
1196 684 1289 728 tractu
1308 690 1454 749 perpauca
1471 671 1624 731 traduntur
1640 674 1809 731 accuratius.
1819 676 1884 743 Quae

287 771 450 846 per-iegesin
465 769 687 847 geographicam
702 769 825 839 cadunt,
839 769 933 827 fusius
941 788 1069 845 expone·
1110 784 1199 841 quum
1218 766 1257 823 ita
1268 764 1338 837 sint,
1353 777 1490 844 excerpta
1509 779 1618 837 nostra,
1632 769 1817 845 quantumvis
1830 773 1884 829 eai-

286 862 372 935 bant,
386 863 458 922 adeo
471 877 503 922 ut
515 862 634 940 Σταθμοὶ
652 864 753 921 titulus
764 864 883 921 nonnisi
897 863 934 922 ad
946 864 1071 921 stamina
1110 861 1163 937 lia,
1180 863 1281 921 eximii
1297 863 1386 941 pretii
1398 881 1462 921 esse
1468 862 1537 939 jure
1551 864 1656 922 merito
1669 876 1831 927 censentur.

287 960 385 1036 operis
398 960 428 1018 in
444 960 632 1038 expeditione
646 959 767 1018 militari
783 958 887 1038 scripti
899 959 1068 1037 pertineret.

1153 960 1217 1035 139.
1233 960 1319 1018 Ratio
1343 972 1439 1017 autem
1462 960 1608 1019 itinerarii
1638 961 1730 1019 nostri
1754 963 1814 1019 haec
1833 976 1880 1021 est.

285 1054 397 1114 Similis
409 1075 481 1114 vero
492 1057 568 1115 ratio
577 1058 663 1115 etiam
674 1059 766 1115 nostri
777 1057 876 1135 operis
886 1056 988 1130 fiterit5
1003 1074 1069 1115 nam
1109 1053 1227 1113 Initium
1239 1056 1328 1113 sumit
1345 1069 1445 1115 auctor
1457 1055 1494 1113 ab
1503 1074 1539 1114 eo
1548 1056 1614 1114 loco
1625 1056 1677 1133 qui
1700 1056 1835 1115 Romanis
1847 1058 1881 1115 ab

284 1150 425 1227 scriptum
439 1163 483 1210 est
501 1164 618 1210 auctore
630 1153 769 1226 Augusto,
789 1171 880 1228 quum
893 1150 981 1228 Cajus
992 1152 1070 1211 lilius
1108 1148 1264 1207 Antiochia
1279 1149 1452 1227 Euphratem
1470 1151 1637 1229 petentibus
1650 1164 1713 1211 erat
1725 1154 1881 1227 proximus.

286 1244 502 1321 expeditionem
513 1258 640 1322 pararet.
657 1248 732 1303 Ante
745 1246 845 1303 omnia
858 1246 950 1321 igimr
963 1246 1069 1305 lloma·
1109 1241 1391 1320 ltaqueaZeugmate
1400 1244 1729 1323 prolectusorientemet
1738 1247 1882 1306 meridiem

287 1358 391 1397 norum
408 1340 510 1399 usibus
530 1340 747 1399 inserviendum
768 1354 846 1413 erat,
864 1342 1012 1418 cardoque
1026 1342 1069 1400 rei
1108 1356 1211 1396 versus
1223 1356 1274 1416 per
1282 1338 1537 1399 Anthemusiadenr
1552 1341 1616 1399 sive
1627 1341 1783 1413 Batauam,
1796 1342 1883 1417 regio-

284 1435 456 1495 versabatur
469 1438 500 1495 in
514 1436 780 1497 describendisviis
792 1438 932 1497 exercitui
942 1438 1067 1498 idoneis.
1112 1452 1178 1491 nem
1196 1433 1335 1507 fertilem,
1346 1448 1376 1493 et
1390 1434 1476 1512 juxta
1487 1436 1634 1494 saliebam
1648 1436 1771 1495 flurium
1784 1437 1819 1494 ad
1836 1440 1882 1498 lli·

285 1530 387 1608 ltaque
403 1532 523 1607 Σταθμοὶ
540 1531 669 1612 nuptast
682 1533 784 1593 titulus
795 1553 854 1591 non
867 1534 964 1593 minus
980 1554 1070 1611 quam
1109 1526 1279 1604 ecphorium
1294 1529 1400 1601 tendit3
1413 1529 1482 1589 inde
1498 1528 1584 1607 juxta
1599 1529 1775 1608 Euphratem
1794 1533 1884 1609 pergit

285 1628 357 1685 alter
373 1628 425 1687 ille
435 1628 473 1687 ab
486 1630 625 1688 Athenaeo
639 1629 744 1689 allatus
756 1630 792 1689 ad
803 1644 895 1689 totum
913 1650 988 1709 opus
998 1632 1070 1690 rele-
1108 1639 1201 1697 usque
1213 1622 1249 1680 Ad
1261 1622 1425 1698 Neapolim
1436 1622 1504 1681 hinc
1521 1624 1625 1683 transit
1635 1624 1671 1682 nd
1682 1624 1786 1701 Tigrin
1800 1638 1828 1683 et
1838 1626 1882 1684 Se·

284 1722 392 1781 sendus
408 1742 482 1795 esse,
502 1738 531 1782 et
544 1745 604 1801 quo
625 1724 800 1801 exquisitior
820 1740 864 1784 est
877 1738 958 1784 tanto
976 1728 1069 1802 magis
1108 1718 1241 1775 leuciam.
1258 1717 1415 1795 Hucusque
1430 1719 1467 1775 28
1483 1719 1650 1777 mansiones
1663 1733 1863 1779 recensentur:

284 1819 440 1894 genuinam
466 1820 691 1899 inscriptionem
712 1841 870 1898 coarguere
893 1823 1017 1883 videtur.
1035 1823 1068 1881 ln
1125 1836 1144 1845 ·

283 1916 428 1992 excerptis
447 1916 566 1993 quidem
591 1918 710 1976 nonnisi
728 1937 788 1975 una
810 1919 859 1975 via
870 1937 923 1996 per
937 1918 1068 1977 boreales

283 2010 409 2068 maxime
423 2012 590 2088 provincias
604 2012 724 2072 tendens
735 2013 909 2085 delineatur,
927 2033 992 2090 quae
1007 2032 1068 2071 me-

283 2104 459 2164 ridionalem
479 2108 598 2186 imperii
623 2121 745 2167 tractum
762 2108 814 2167 vix
833 2109 959 2184 attingit,
975 2127 1067 2185 quum

285 2214 381 2259 tamen
400 2203 487 2261 etiam
510 2204 548 2263 de
566 2204 737 2280 regionibus
750 2203 787 2262 ad
800 2206 898 2262 sinum
915 2203 1066 2263 Persicum

286 2296 351 2355 sitis
375 2310 521 2355 auctorem
540 2299 634 2373 egisse
655 2319 692 2357 ex
713 2298 851 2357 Athenaeo
875 2311 995 2359 constet
1010 2299 1067 2359 Sed

284 2389 357 2448 nihil
369 2390 425 2449 hoc
437 2391 563 2469 probare
575 2393 691 2452 videtur
702 2395 761 2453 nisi
774 2408 977 2473 excerptorem
996 2396 1065 2453 reli·

283 2478 340 2562 qua
350 2486 519 2559 ltineraria,
529 2506 595 2565 quae
605 2508 675 2548 sane
684 2489 809 2549 minoris
821 2490 959 2549 momenti
971 2504 1065 2564 erant,

283 2580 428 2641 omisisse.
437 2580 605 2641 Ubertatem
617 2584 805 2653 narrationis,
820 2603 906 2661 qaam
918 2585 1066 2661 fragmen-

282 2688 312 2732 ta
325 2674 362 2732 ab
380 2676 519 2735 Athenaeo
532 2691 561 2735 et
574 2678 705 2737 Laciano
719 2691 834 2737 servata
847 2679 1021 2752 ostendunt,
1035 2682 1066 2739 in

283 2769 436 2829 nonnullis
448 2771 495 2829 vel
520 2772 694 2832 tenuissima
711 2786 814 2832 nostra
833 2786 968 2852 excerpta
987 2776 1066 2835 indi·

283 2879 366 2940 cant3
391 2886 458 2925 nam
485 2882 590 2946 praeter
612 2869 812 2943 mansionum,
833 2870 897 2929 sire
917 2872 1065 2931 minorum

282 2965 345 3024 sive
365 2966 529 3042 regiarum,
545 2967 664 3026 nomina
686 2980 717 3026 et
738 2968 906 3043 distantias,
921 2971 1065 3030 montium

283 3059 399 3137 fauces,
440 3061 565 3137 duvios,
599 3062 752 3137 regionum
795 3062 1065 3139 denominationes,

282 3155 391 3231 passim
405 3168 525 3214 notatur
539 3156 565 3215 si
576 3157 644 3234 quis
653 3156 735 3215 locus
745 3156 793 3214 vel
810 3170 921 3216 naturae
932 3159 1011 3217 dono
1019 3161 1065 3219 vel

283 3251 354 3309 artis
364 3269 452 3329 opere
462 3253 510 3310 rel
521 3253 664 3329 religione
675 3253 722 3311 vel
738 3253 864 3313 historia
875 3254 1001 3331 insignis
1010 3271 1064 3316 est.

326 3345 392 3407 138.
416 3347 498 3424 Opus
516 3347 625 3406 lsidori
645 3365 663 3408 e
683 3347 847 3407 serioribus
872 3350 1066 3428 scriptoribus

282 3444 422 3521 perpauci
441 3443 610 3505 adhibuisse
631 3445 780 3505 ridentur.
799 3447 921 3517 Strabo,
945 3449 1066 3525 aequalis

283 3539 343 3596 lere
358 3553 472 3611 auctor,
485 3541 523 3599 de
539 3540 666 3600 Parthiae
680 3541 852 3618 regionibus
866 3544 968 3602 ducem
979 3543 1067 3604 habet

281 3633 497 3710 Apollodorum
520 3635 749 3708 Artemitenum‚
767 3637 819 3714 qui
846 3656 916 3696 num
942 3657 1066 3714 geogra-

282 3726 402 3803 phicum
413 3747 488 3806 opus
500 3748 536 3786 an
549 3729 720 3789 historicum
730 3735 891 3810 scripserit,
908 3735 1064 3793 nescimus.

282 3819 399 3880 Plinius
412 3822 448 3880 de
466 3822 513 3882 his
528 3823 722 3884 brevissimus
734 3845 814 3886 arma
830 3828 958 3888 Romana
969 3843 998 3888 et
1011 3831 1067 3891 lu-

281 3913 350 3972 bam
363 3917 506 3993 sequitur.
518 3918 576 3988 Qui
586 3932 688 3996 postea
696 3919 891 3982 Romanorum
904 3944 951 3984 res
963 3939 1066 3986 contra

281 4011 406 4071 Parthos
427 4027 521 4089 gestas
537 4015 737 4091 peculiaribus
758 4018 843 4078 libris
864 4021 1064 4104 tradiderunt,

282 4107 338 4166 sub
346 4109 494 4168 Hadriano
504 4111 659 4185 Arrianus,
667 4113 751 4173 Lucii
760 4114 828 4174 Veri
841 4125 973 4195 tempore
983 4119 1066 4180 lutile

281 4201 491 4262 historicorum
503 4206 610 4282 vulgus
624 4227 641 4265 a
655 4207 785 4268 Luciano
797 4212 966 4289 explosum,
981 4215 1065 4275 deni·

282 4316 339 4373 que
359 4298 416 4357 sub
430 4299 612 4360 Diocletiano
630 4304 751 4362 Asinius
766 4304 931 4373 Quadratus
955 4310 1004 4385 (v.
1020 4309 1064 4372 Fr.

283 4393 319 4452 ll.
342 4406 410 4451 tom.
423 4394 478 4468 ΙΙΙ,
499 4417 530 4474 p.
554 4397 612 4455 686
636 4417 714 4475 sqq.,
733 4401 792 4470 646
804 4421 868 4479 sqq.
882 4401 1062 4479 )‚lsidorum

282 4514 342 4554 non
365 4498 458 4572 magis
472 4501 679 4578 usurpaverint
698 4521 785 4579 quam
800 4504 973 4566 Ammianus
988 4508 1065 4568 lllar·

187 4638 189 4642 .
282 4590 407 4650 cellinus
418 4592 567 4668 (Xlllll,6
577 4596 656 4673 ),qui
665 4596 696 4654 in
708 4595 820 4656 iuliani
831 4599 953 4660 historia
962 4623 1065 4663 excur-

283 4703 348 4743 sum
365 4690 589 4768 geographicum
608 4692 645 4750 de
661 4692 792 4751 Parthici
807 4696 927 4774 imperii
942 4702 1065 4776 provin-

284 4781 340 4838 ciis
360 4781 516 4844 intertexit.
539 4785 711 4846 Ptolemaeus
733 4808 852 4866 quoque
871 4811 939 4851 suas
962 4794 1066 4856 barum

1202 1918 1324 1987 Zeugma.
1337 1920 1463 1989 Apamea.

1158 2022 1183 2058 1.
1204 2008 1295 2059 Daeara
1298 2042 1603 2059 ...........
1622 2006 1722 2059 mhoeni
1761 2007 1776 2058 3

1156 2108 1182 2145 a.
1201 2086 1709 2163 ChararSidre‚Antbemusias(Saroag)
1761 2094 1775 2147 ⁵
1839 2098 1854 2149 8

1158 2178 1183 2230 3.
1204 2179 1455 2234 CoraeainBatane
1458 2217 1701 2245 .........
1760 2182 1775 2234 3
1826 2198 1852 2234 u

1157 2267 1184 2326 4.
1203 2266 1385 2319 lllannuorrlra
1396 2266 1514 2337 Auyreth
1519 2302 1702 2320 .......
1761 2268 1775 2320 5

1157 2349 1182 2401 5.
1203 2350 1414 2404 Commisimbela
1429 2350 1463 2404 ad
1475 2350 1605 2405 Balicham
1617 2352 1646 2405 ss.
1666 2390 1674 2406 .
1696 2392 1703 2405 .

1141 2887 1182 2923 11.
1202 2871 1321 2925 Thillada
1331 2872 1465 2926 lllirrhada
1468 2910 1700 2931 .........
1758 2882 1774 2941 4

1141 2976 1182 3013 ra.
1203 2965 1226 3026 *,
1238 2962 1318 3031 regie,
1329 2963 1421 3017 Dianae
1429 2960 1520 3018 sanum
1535 2960 1642 3031 (Salias
1653 2968 1702 3018 Ze·

1240 3048 1303 3118 tebit
1307 3091 1695 3108 ··············
1748 3052 1784 3124 lrl

1141 3132 1181 3184 13.
1204 3133 1279 3187 Allan
1292 3137 1364 3188 vicus
1367 3178 1699 3194 ............
1759 3145 1774 3204 [ι

1141 3223 1182 3283 ι4.
1203 3220 1323 3288 Beonan,
1347 3223 1438 3277 Dianae
1452 3223 1542 3277 sanum
1546 3263 1702 3282 ......
1760 3231 1776 3290 4

1201 3395 1633 3466 HucusqueabArrtt'oclu'ascboeni
1642 3415 1700 3454 120.
1777 3453 1781 3458 .

1202 3479 1271 3534 Hinc
1291 3479 1325 3533 ad
1343 3481 1485 3536 Seleuciam
1497 3521 1623 3540 .....
1642 3502 1701 3541 too.

1137 4100 1181 4136 aa.
1203 4085 1438 4140 Anathoinsulaet
1452 4105 1515 4160 opp.
1528 4090 1641 4161 (Anah).
1663 4133 1670 4147 .
1691 4133 1700 4149 .
1757 4097 1772 4158 4

1136 4173 1180 4226 ad.
1200 4172 1326 4226 'lbilabris
1338 4175 1617 4250 ins.,gazophylacium
1629 4180 1702 4248 (Tet-

1137 4349 1181 4408 24.
1199 4347 1261 4398 Izan
1276 4303 1361 4402 insula
1372 4359 1398 4401 et
1409 4367 1472 4420 opp.
1489 4349 1635 4422 (Elissa).
1659 4393 1666 4407 .
1690 4395 1697 4408 .

1138 4431 1182 4483 25.
1202 4431 1367 4503 Isoppidum
1384 4433 1486 4506 (litat).
1504 4476 1510 4490 .
1527 4477 1559 4490 ..
1583 4478 1589 4491 .
1608 4478 1614 4491 .
1637 4479 1643 4492 .
1664 4479 1671 4492 .
1693 4481 1700 4494 .

1867 4586 1870 4615 Ι

1136 4621 1179 4674 ²7·
1200 4607 1511 4680 Neapolisfflacdamr).
1534 4612 1701 4688 .(ood.2a).
1741 4632 1771 4668 ιι
1806 4611 1869 4676 152!
1940 4657 1941 4662 ,

1136 4694 1180 4745 28.
1200 4692 1315 4746 Seleucia
1326 4693 1360 4746 ad
1377 4696 1477 4764 Tigrim
1481 4733 1695 4756 ,,,,,,,,
1704 4721 1791 4791 —q-
1806 4683 1869 4750 thri
1940 4673 1941 4705 ¹

1198 4790 1393 4860 Mesopotamiae
1405 4802 1431 4845 et
1438 4792 1699 4868 Babyloniaesobmni.
1721 4815 1769 4866 171

281 4876 435 4950 regionum
459 4877 571 4937 tabulas
597 4900 614 4938 e
635 4881 747 4960 pejoris
770 4898 847 4943 notae
867 4888 1063 4967 scriptoribus
1129 4931 1275 4940 ---

282 4969 443 5031 delineasse
455 4972 550 5033 debet.
567 4975 687 5036 Tabulae
698 4979 932 5058 Peutingerianae
946 4986 1064 5046 itinera·

1148 5001 1212 5060 tio.
1227 4993 1305 5054 Situs
1317 4995 1422 5054 horum
1433 4997 1582 5072 locorum,
1596 5013 1747 5078 postquam
1760 4999 1877 5076 Euphra·
1938 4973 1939 5024 Ι

281 5065 326 5122 ria
335 5067 367 5124 in
381 5066 493 5126 ultimis
505 5068 553 5128 his
562 5073 649 5131 terris
660 5074 767 5132 mirum
778 5090 917 5152 quantum
927 5095 1065 5158 corrupta
1104 5088 1143 5145 tis
1159 5088 1243 5146 lluvii
1271 5111 1387 5149 cursum
1413 5091 1582 5170 Chesneyus
1601 5095 1821 5170 diligentissime
1833 5111 1877 5148 ex·
1937 5111 1938 5183 q

281 5171 360 5219 sunt.
375 5161 502 5220 Omnino
516 5177 611 5223 autem
622 5186 688 5243 quae
700 5170 819 5230 aliunde
830 5174 966 5234 novimus
978 5176 1064 5252 longe
1104 5183 1245 5259 ploravit,
1259 5199 1405 5256 accurate,
1420 5197 1452 5244 ut
1462 5187 1637 5264 plurimum,
1650 5187 1873 5268 possuntconsti·
1936 5225 1937 5228 =

279 5254 408 5332 plurima
417 5256 453 5315 ad
462 5260 631 5337 provincias
644 5265 836 5327 occidentales
846 5271 923 5329 circa
932 5269 1063 5350 Euphra·
1107 5278 1160 5336 tui.
1182 5279 1339 5340 Distantias
1363 5281 1446 5340 facile
1464 5297 1586 5361 apparet
1607 5283 1648 5342 ita
1672 5283 1830 5363 computari
1850 5291 1877 5338 ut
