3950 5925
206 390 801 601 [trutinator
971 363 1637 639 florentinum,
1721 378 1731 398 “

385 698 431 745 nt:
450 697 627 756 sursunt,
1180 702 1250 757 ,UT
1284 700 1485 763 ἙΕΒΤΗΒ,

411 835 548 881 Mision
568 835 606 879 ΔΕ
1240 842 1351 885 Portus
1370 843 1451 886 NERO

326 992 692 1087 ΑΘΗΝΑΙΟΥ
1158 992 1520 1091 ATHENAEI

32 1287 33 1340 3
136 1208 572 1293 ΠΕΡΙΗΓΗΣΕΩΣ
607 1204 883 1287 ΕΛΛΑΔΟΣ
964 1210 1722 1295 DESCRIPTIONISGRAECIAE

279 1420 584 1478 Attozttttttara
609 1411 739 1488 Tria]
1161 1406 1389 1465 FRAGMENTA
1410 1408 1529 1483 Tuta]

431 1595 594 1619 ⁴00-—
1269 1596 1432 1620 effla—-

401 1732 622 1812 (astruatur
1150 1740 1157 1751 “
1238 1732 1440 1807 (ATHENAEI

117 1903 247 1951 noanon
263 1899 513 1947 {munirent
529 1900 601 1947 uuor
622 1898 679 1946 nat
692 1894 908 1960 nsrtntora.)
992 1905 1024 1946 nr
1046 1901 1141 1947 uanas
1161 1903 1307 1947 prorsam
1327 1904 1365 1947 ιτ
1387 1904 1448 1947 rra
1468 1906 1504 1947 rr
1526 1896 1709 1961 cantatus.)
1741 1904 1743 1935 ι

493 2178 535 2245 t‘.
1339 2174 1362 2231 ι.

157 2331 298 2392 Ἐντεῦθεν
318 2334 356 2400 εἷς
369 2331 400 2391 rb
411 2330 553 2405 Ἀθηναίων
571 2330 692 2391 ἔπεισιν*ι
707 2331 787 2390 ἄστυ·
806 2333 862 2399 ὁδὸς
881 2332 909 2391 δὲ
989 2338 1058 2389 lline
1068 2354 1156 2389 versus
1170 2334 1369 2388 Atheniensium
1378 2344 1520 2404 properant
1529 2334 1688 2406 [ἐπείγουσιν]
1701 2354 1745 2388 un·

120 2422 192 2491 ἡδεῖα
202 2466 212 2493 ,
224 2420 412 2501 γεωργουμένη
425 2430 511 2494 πᾶσα,
518 2419 617 2499 ἔχουσαί
627 2421 670 2498 [τι
681 2420 693 2498 ]
705 2423 738 2498 τῇ
748 2420 908 2510 ἄγειιφιλάν-
953 2423 1028 2487 ίιιιιιι;
1039 2423 1198 2485 viaamoena,
1206 2420 1275 2473 culta
1284 2420 1544 2484 tota,humanitatem
1553 2438 1606 2491 prae
1614 2440 1641 2473 se
1649 2420 1742 2473 let-ens.

153 2630 221 2693 Quae
233 2631 384 2692 sequuntur
403 2619 548 2689 fragmenta
565 2620 606 2673 vel
617 2621 705 2691 potius
716 2631 838 2691 exoerpta
850 2622 910 2687 tria,
958 2620 1057 2675 codicis
1079 2622 1129 2685 443
1152 2622 1252 2675 indicio
1274 2620 1391 2692 quodam
1409 2622 1558 2675 subsistam.
1579 2624 1683 2675 Etenim
1703 2644 1747 2677 ex·

118 2726 148 2759 er
158 2704 273 2758 Graeciae
291 2700 468 2771 descriptione
477 2700 573 2769 aliqua,
588 2698 704 2755 fortassis
715 2702 794 2752 etiarn
808 2699 913 2769 emajo·
960 2711 1049 2771 oerpta
1061 2703 1143 2755 nostri
1153 2702 1288 2772 scriptoris
1303 2702 1329 2753 in
1341 2700 1534 2771 antiquioribus
1545 2700 1618 2754 libris
1631 2704 1748 2773 pleniora

119 2789 155 2839 ris
170 2783 291 2836 ambitus
310 2796 390 2851 opere
401 2780 587 2850 geographico,
606 2780 687 2849 petita
702 2790 772 2832 sunt.
794 2780 913 2832 Primum
960 2781 1099 2843 exstitisse,
1113 2798 1162 2833 uec
1178 2790 1276 2833 temere
1292 2782 1374 2832 mixta
1388 2780 1478 2833 alienis
1492 2780 1570 2833 luisse
1586 2791 1643 2835 tum
1657 2800 1704 2852 per
1721 2804 1749 2836 se

120 2880 199 2937 atque
212 2864 324 2917 tertium
336 2861 461 2913 exhibent
473 2860 557 2913 codex
568 2861 703 2913 Parisinus
714 2860 806 2931 Suppl.
816 2862 850 2913 N.
862 2862 912 2924 443
961 2868 1165 2911 cousentaneum
1179 2870 1233 2923 est,
1248 2869 1305 2911 tum
1320 2858 1382 2911 inde
1392 2859 1523 2929 colligitur
1532 2860 1603 2929 quod
1617 2863 1643 2913 in
1658 2864 1749 2917 codice

119 2948 215 3018 lgna
235 2958 297 3012 sqq.
309 2938 419 3010 ejusque
432 2939 613 3011 apographum
627 2940 798 2993 Vaticanum.
808 2942 839 2992 ln
852 2958 915 3011 apo-
962 2938 1014 3000 443
1032 2955 1060 3009 p.
1078 2939 1227 3008 106(sicut
1251 2940 1279 2992 in
1300 2956 1391 3010 apogr.
1411 2940 1497 2992 Varie.
1524 2938 1568 2992 sol.
1591 2940 1642 2993 236
1662 2954 1716 2996 rect
1738 2949 1749 3012 )

120 3027 221 3097 grapho
235 3021 391 3074 hlonaeeusi
412 3020 479 3088 (sol.
500 3020 581 3090 itt-57
596 3022 657 3088 V⁰)
670 3021 777 3072 nonnisi
797 3022 914 3090 primurn
960 3028 1045 3070 exstat
1056 3018 1167 3070 titulus:
1188 3017 1346 3085 Ἀθηναίου
1367 3019 1487 3071 πόλεων
1511 3021 1680 3090 σκώμματα
1700 3025 1750 3076 καί

119 3099 512 3172 Μιναγιιαίιίίιιίεςτυιιι,
527 3118 589 3152 narn
603 3098 700 3152 desinit
717 3098 837 3151 inrerbs
853 3098 916 3168 dpa-
961 3095 1032 3148 tuot
1060 3097 1111 3150 καί
1138 3098 1316 3168 περίπλους,
1341 3097 1406 3150 nihil
1429 3115 1490 3150 vero
1511 3097 1551 3151 vel
1573 3100 1750 3168 praeceditvel

119 3185 226 3250 ξήλαεος
244 3185 298 3233 τῶν
314 3177 407 3248 habs,
431 3177 575 3249 deperditis
594 3178 711 3248 reliquis.
728 3179 915 3245 Fragmentum
962 3176 1131 3247 subsequitur
1146 3176 1219 3247 quod
1240 3177 1330 3229 referri
1344 3176 1377 3230 ad
1391 3195 1452 3228 eum
1464 3178 1561 3248 possit;
1579 3197 1638 3231 nam
1653 3197 1750 3249 piace.

120 3262 271 3316 seeundmn
283 3268 365 3327 atqiie
379 3259 450 3312 tertii
462 3259 566 3311 initium
578 3257 677 3328 praebet
688 3256 770 3309 eodex
783 3257 916 3309 Parisinus
962 3254 1003 3307 dit
1015 3256 1139 3326 Scylacis·
1145 3257 1278 3327 Periplus,
1293 3266 1441 3326 sequuntur
1451 3255 1562 3308 Stathmi
1575 3257 1689 3311 Parthici
1702 3263 1749 3315 Isi·

119 3344 154 3395 N.
167 3341 234 3410 571,
254 3337 303 3392 tot.
323 3337 377 3399 430
398 3335 520 3389 eteodex
539 3336 693 3400 Gudianus,
714 3353 802 3406 equo
814 3337 916 3406 primus
962 3331 1023 3386 dori
1049 3335 1204 3389 Characeni.
1226 3339 1316 3403 Quare
1339 3335 1448 3388 indicari
1471 3335 1589 3388 Athenai
1614 3336 1749 3405 eujusdam

120 3419 258 3474 ehodum
272 3417 377 3470 curarit
399 3417 427 3469 in
446 3415 567 3469 lludsoni
585 3415 748 3487 Geographis
767 3417 778 3482 (
790 3425 855 3468 torn.
874 3418 913 3479 11,
963 3429 1030 3482 opus
1055 3412 1130 3482 eujus
1156 3413 1261 3468 titulum
1282 3413 1403 3466 librarius
1423 3423 1546 3483 corrupte
1570 3413 1749 3486 adscripserit,

121 3501 180 3552 init.
205 3501 218 3567 )
239 3495 389 3550 Fabricius.
409 3495 513 3546 Nomen
533 3495 648 3546 auctoris
668 3494 811 3562 titulusque
830 3495 917 3563 operis
963 3493 1051 3562 ipsum
1066 3511 1128 3546 vero
1149 3512 1216 3564 opus
1237 3493 1326 3564 ejusve
1346 3491 1489 3562 fragmenta
1501 3493 1628 3558 omiserit,
1648 3503 1751 3552 censuit

121 3594 254 3648 nnsqrnm
261 3573 461 3628 adscribuntur.
471 3574 576 3626 Etenim
587 3572 762 3641 fragmentum
771 3571 916 3624 secundm
965 3573 1124 3624 leuonnius
1139 3573 1249 3640 (Poe‘m.
1268 3575 1353 3638 geogr.
1369 3590 1397 3643 p.
1414 3572 1464 3624 265
1479 3569 1499 3640 l.
1512 3573 1588 3623 Vana
1600 3573 1677 3626 etiam
1690 3589 1752 3631 sunt

121 3659 149 3709 in
166 3657 231 3710 eod.
254 3656 306 3724 571
331 3653 462 3723 excerptis
481 3652 662 3706 Straboniauis
683 3651 720 3704 ita
738 3649 915 3720 subjungitur,
964 3667 1023 3720 quae
1033 3651 1190 3721 ipsetentavi
1200 3651 1226 3703 in
1237 3651 1281 3702 Fr.
1288 3651 1356 3702 llist.
1368 3660 1388 3702 t.
1401 3651 1470 3720 ll,p.
1483 3649 1544 3702 232.
1552 3649 1672 3704 Dubitari
1680 3657 1751 3708 enim

123 3746 202 3788 utne
223 3733 343 3786 minimo
358 3731 466 3801 quidem
487 3731 563 3800 signo
582 3730 664 3782 abiis
684 3729 870 3798 distinguatur.
885 3733 917 3783 In
964 3731 1057 3800 nequit
1070 3732 1134 3801 quin
1149 3730 1240 3782 titulus
1251 3731 1380 3802 pertineat
1398 3728 1430 3781 ad
1444 3730 1499 3800 ipsa
1516 3729 1605 3780 Nostri
1619 3745 1750 3804 excerpta,

122 3816 204 3868 altere
218 3823 313 3866 autem
327 3810 420 3864 oodioe
431 3811 482 3874 443
497 3810 598 3881 reliqua
613 3809 756 3878 fragmenta
767 3808 823 3861 duo
833 3810 917 3861 conti·
964 3827 1023 3879 quae
1037 3809 1100 3862 olim
1112 3819 1172 3862 ante
1184 3809 1277 3861 Isidori
1291 3807 1422 3862 Stathmos
1441 3808 1594 3877 legebantur
1616 3807 1711 3878 (sicuti
1724 3815 1752 3867 in

123 3905 283 3948 „mrem
301 3891 388 3961 posita
404 3900 467 3942 sunt
479 3891 549 3942 inter
559 3889 615 3944 duo
625 3889 789 3957 Periegeseos
800 3888 918 3940 iambica
965 3886 1056 3939 codice
1070 3887 1117 3956 571
1133 3895 1254 3958 excerpta
1266 3886 1401 3939 Strabonis
1413 3896 1439 3939 et
1450 3887 1538 3938 Nostri
1549 3884 1640 3938 iisdem
1657 3889 1751 3945 Isidori

124 3975 283 4043 ingruente,
295 3971 414 4040 quorum
423 3970 499 4040 prim
509 3979 627 4023 recenset
640 3969 720 4020 urbes
731 3968 846 4020 Helladis
856 3966 919 4020 inde
964 3966 1089 4019 Stathmis
1100 3963 1318 4036 subjunguntur),
1330 3965 1425 4018 iucod.
1436 3966 1487 4029 443
1497 3977 1584 4020 autem
1595 3963 1633 4019 vel
1642 3986 1702 4020 casu
1714 3971 1753 4024 vel

125 4056 158 4108 ab
168 4053 317 4108 Ambracia
328 4069 414 4121 usque
423 4050 459 4103 ad
476 4051 582 4103 initium
595 4049 779 4120 Peloponnesi,
791 4051 870 4102 missa
880 4059 919 4101 ta·
965 4043 1075 4096 consilio
1089 4043 1156 4096 male
1174 4045 1330 4114 transposita
1350 4055 1420 4096 sunt.
1434 4045 1556 4098 Ceterum
1571 4045 1645 4099 laeile
1657 4047 1751 4100 intelli-

126 4153 185 4187 Μ
194 4135 299 4195 Am,
311 4130 408 4200 deque
417 4131 533 4201 primum
544 4139 665 4182 nostrum
683 4128 918 4198 agittmgmentum
965 4123 1037 4191 gitur
1055 4139 1108 4174 non
1134 4125 1276 4192 genuinam
1299 4125 1386 4194 operis
1405 4123 1522 4177 exhiberi
1544 4127 1751 4198 inscriptionem,

124 4215 289 4284 μωιίωιιι,
300 4207 368 4261 adeo
378 4218 408 4260 ut
414 4207 533 4280 suppleat
541 4206 740 4278 quodammodo
749 4224 808 4276 quae
818 4207 845 4258 iu
855 4223 918 4276 poe·
965 4200 1012 4252 sed
1026 4200 1172 4254 indiculum
1193 4203 1271 4256 talem
1284 4201 1387 4274 qualem
1404 4221 1435 4255 ex
1450 4217 1605 4274 argumento
1617 4217 1753 4278 excerpto·

125 4293 182 4343 ticis
191 4289 393 4342 ‹laidet-antur.
407 4289 496 4356 Atque
507 4285 564 4339 base
582 4285 638 4355 ipsa
648 4303 727 4338 eausa
740 4284 819 4337 luisse
834 4283 918 4337 videri
966 4297 1027 4332 rum
1040 4280 1161 4334 librarius
1175 4282 1281 4352 quidam
1301 4282 1448 4351 eollegerat.
1467 4285 1587 4338 Primum
1604 4286 1683 4356 igitur
1707 4305 1753 4340 no-

125 4371 208 4440 poesit
218 4367 425 4420 ordinisrerum
437 4381 519 4434 quem
530 4363 614 4416 codex
626 4364 677 4427 443
686 4364 919 4416 exhibet-Viu-
966 4360 1032 4411 tavit
1046 4359 1143 4412 πόλεων
1156 4363 1303 4432 σκώμματα,
1319 4363 1425 4414 urbium
1444 4363 1628 4429 cavillationes,
1645 4365 1698 4417 sivo
1712 4367 1753 4418 di·

125 4448 208 4502 dimi
219 4447 370 4516 lragmta
381 4442 629 4496 wlentDicoearcho
640 4442 777 4496 Messenio.
786 4443 919 4494 Nimirum
966 4439 1047 4491 eteris
1068 4441 1163 4510 quibus
1184 4443 1246 4494 vitia
1264 4442 1423 4511 singularum
1448 4443 1555 4496 urbium
1578 4445 1751 4514 exagitantur.

125 4545 210 4598 quum
230 4523 364 4592 Periegesi
383 4521 502 4574 iambiese
520 4521 684 4592 subscriptus
703 4520 793 4572 titulus
810 4522 844 4572 sit
858 4537 865 4572 :
878 4521 920 4572 lli·
966 4518 1126 4590 Magnopere
1136 4520 1232 4573 scilieet
1248 4522 1275 4572 in
1291 4537 1321 4572 ea
1333 4539 1361 4573 re
1373 4523 1468 4574 Noster
1476 4523 1525 4576 sibi
1540 4522 1639 4594 placen
1656 4524 1753 4578 nullam

125 4607 251 4676 ηιάρχου
264 4597 397 4672 ἀναγραφὴ
415 4598 547 4664 Ἑλλάδος,
570 4600 612 4652 isti
629 4609 719 4652 autern
735 4599 815 4652 iambi
828 4599 863 4652 ad
875 4602 920 4652 Di·
965 4596 1022 4649 lere
1036 4598 1129 4652 urbem
1144 4608 1282 4663 memorat,
1297 4600 1362 4668 quin
1374 4599 1442 4652 cives
1456 4599 1512 4671 ejus
1526 4602 1578 4655 sale
1596 4619 1644 4656 suo
1661 4602 1754 4674 periri·

127 4684 280 4738 etearchurn
291 4679 472 4736 Aristotelium
493 4680 626 4750 pertinere
642 4689 783 4749 nequeant,
798 4678 844 4731 sed
856 4681 920 4731 Dio-
967 4687 1018 4742 eet,
1034 4679 1140 4750 Oropiis
1160 4677 1357 4750 αἰσχροκερδίαν,
1370 4680 1459 4748 φθόνον
1479 4682 1637 4751 Tanagraris,
1650 4682 1755 4751 φιλονει-

128 4766 196 4834 nysii
204 4760 348 4833 enjusdam
355 4759 433 4812 soetus
439 4760 494 4812 sint
502 4775 509 4810 :
517 4775 614 4811 nomen
621 4759 766 4812 Dicaearchi
773 4757 807 4811 ad
816 4775 921 4830 prosam
968 4757 1023 4809 ιιίαν
1032 4759 1248 4830 rI'hespiensibus,
1261 4757 1401 4820 πλεονεξίαν
1412 4759 1595 4825 Anthedoniis,
1607 4760 1753 4822 ἀλαζονείαν

127 4844 276 4895 oestiooem
285 4839 397 4910 poeticis
403 4839 527 4890 insertam
535 4836 922 4891 transferendumesseeensue·
968 4836 1162 4902 Phtaeensibus,
1177 4837 1232 4891 aliis
1241 4837 1403 4909 exprobrans
1418 4837 1476 4892 alia.
1489 4840 1612 4910 Sequitur
1623 4842 1649 4893 in
1661 4841 1751 4895 titulo:

128 4932 202 4977 runt.
214 4920 317 4991 Opinio
328 4917 565 4986 haecquantumris
573 4915 609 4968 oh
621 4915 769 4970 lacilitatem
779 4915 922 4987 probabilis
968 4916 1010 4966 καί
1019 4916 1081 4970 ὁδοί.
1096 4917 1151 4970 Nec
1160 4919 1257 4970 mirum
1267 4915 1300 4968 ad
1315 4916 1365 4968 hoe
1375 4916 1589 4970 animadvertisse
1602 4917 1751 4985 librarium

128 5017 185 5052 esse
198 4998 330 5062 videatur,
336 4995 413 5067 justu
423 5006 512 5048 tamen
520 4994 648 5066 pondere,
660 4998 681 5048 si
693 4996 794 5066 singula
802 5013 921 5049 momen·
968 4993 1070 5047 nullum
1080 4997 1150 5048 enim
1167 4996 1228 5048 novi
1244 5005 1388 5059 auctorem,
1408 4996 1453 5066 qui
1467 5005 1540 5048 tanto
1556 4995 1645 5048 studio
1658 4995 1691 5049 de
1703 4999 1754 5052 via·

128 5091 156 5132 ta
171 5079 351 5141 tmtiuareris,
362 5085 446 5129 earet.
464 5075 551 5128 Missis
566 5093 625 5144 quae
638 5076 690 5129 hue
702 5077 836 5146 pertinent
844 5075 922 5128 chro-
968 5089 1028 5125 runt
1049 5071 1221 5143 longitudine,
1242 5072 1404 5138 declivitate,
1428 5075 1567 5127 securitate
1588 5073 1751 5144 periculisve,

128 5158 255 5228 nologicis
272 5169 299 5211 et
321 5155 457 5210 historicis
477 5157 535 5221 (V.
550 5154 772 5225 Prolegomena),
796 5157 822 5208 in
840 5156 922 5226 ipsius
969 5149 1074 5218 umbra,
1088 5152 1257 5218 diverticulis,
1270 5153 1414 5224 ceterisque
1425 5171 1483 5223 quae
1495 5153 1663 5219 huclaciunt,
1674 5173 1754 5228 expo·

234 5268 322 5306 cmctt·
333 5266 354 5302 l·
1634 5257 1646 5297 'l
