3950 5925
135 319 204 395 (5ο)
747 322 798 381 DE
819 322 919 382 Mhlll
943 324 1173 383 ERYTIIIIAEO.
1309 408 1312 416 Ι
1702 336 1755 387 159

45 463 126 512 thot.
137 448 256 526 στέρνα,
271 444 413 523 συμπεσὼν
424 447 450 505 δὲ
464 446 585 527 ἐλέφαντι
607 446 707 529 (τούτῳ
717 452 769 530 γάρ
783 449 827 509 τδν
841 449 930 510 πάντα
972 460 1111 532 elephanto
1122 471 1209 515 autem
1221 460 1393 531 congrediens
1413 463 1494 529 (curn
1506 462 1557 515 hoc
1569 464 1638 515 eninr
1653 462 1687 517 de
1711 482 1756 534 pa·

134 536 203 611 πῑθί
213 538 261 606 τῆς
278 538 360 611 rapi<
381 535 552 610 δῑίῑμῑλδᾶῐαῑ
568 535 624 613 βίον
637 535 645 613 ί
658 536 752 603 ὑποδὺς
768 536 815 608 Τί*
828 539 928 598 κοιλίαν
972 560 1041 611 scuis
1052 570 1162 611 aeternas
1185 558 1263 612 habet
1281 558 1521 631 conflictationes),
1536 570 1653 613 ventrem
1676 560 1755 625 subit,

135 623 189 679 καί
202 626 241 702 τῷ
252 620 344 701 κέρατί
354 621 384 681 τί
396 621 525 697 κύκλωμα
538 626 584 694 τῆς
596 622 693 702 σαρκί(
704 623 928 705 ἅναθθίίαίῖξαί·
977 666 1003 708 et
1014 666 1142 727 perrupto
1159 656 1278 709 carnium
1292 656 1394 709 ambitu
1411 672 1569 725 exsanguem
1586 655 1657 709 lacit.
1696 657 1757 710 Plu·

91 821 104 857 s
136 707 929 877 Ξοίίτνωεὖ·ίίτςελ1ίύιτειίίτόίίύί.πλίλίνωρίίνίοσιτὶύυίιλόίίἭαρςωίοδὲίῗ
971 753 1086 823 fimique
1109 752 1277 823 elephantum
1301 752 1336 804 ita
1357 753 1497 805 exanimati
1522 763 1677 805 cernuntur.
1722 757 1758 806 Λι

137 908 206 964 ρωτι
219 890 267 957 τῆς
289 884 388 950 κοιλίας
407 883 445 961 μὴ
461 882 595 964 ἅψασθαι,
609 886 758 945 τούναντίον
781 887 858 954 αὐτὸς
877 888 927 946 tet

136 972 368 1053 τῆςπροόοσκίδος
380 972 484 1031 καὶτῶν
495 972 607 1031 ὀδόντων
618 974 777 1051 τυπτόμενος
787 978 928 1054 πολλαχῶς
1160 1043 1166 1055 Ι
1248 1044 1253 1054 Ι
1462 1042 1468 1055 ,
1539 1042 1544 1054 Ι

135 1060 291 1125 &elamet
304 1060 350 1120 mg
360 1058 534 1140 παραχύπαχ
548 1058 664 1139 Μάλης
676 1062 846 1143 ὑπαρχούσης
856 1064 927 1122 κατὰ
971 1044 1038 1095 vires
1052 1052 1079 1095 et
1091 1042 1191 1108 defien,
1209 1059 1271 1112 quta
1287 1041 1382 1095 robore
1395 1050 1421 1094 et
1445 1060 1469 1094 νι
1488 1040 1522 1094 ab
1537 1040 1582 1095 allo
1595 1042 1770 1147 permultum·

133 1147 272 1227 τλνίοχίνν
284 1148 330 1207 καί
345 1148 404 1225 βίαν
419 1151 465 1218 τῆς
478 1150 661 1228 παραλλαγῆς.
969 1138 1069 1192 differt·

95 1255 121 1292 m
179 1256 218 1295 τυ.
229 1234 292 1297 Ὅτι
306 1235 380 1315 παρὰ
394 1236 447 1302 τοῖς
462 1237 661 1317 Τρωγλοδύταις
676 1236 747 1297 ἐστὶν
761 1237 806 1296 καὶ
820 1242 837 1309 ἡ
850 1239 926 1313 λεγο-
1006 1253 1049 1305 7²·
1063 1234 1141 1307 hpud
1152 1234 1325 1306 Troglodytas
1338 1234 1420 1288 bestia
1433 1244 1481 1302 est,
1494 1252 1552 1305 qua
1563 1236 1755 1308 cameloparda-

135 1324 206 1400 μίγη
219 1324 284 1403 παρ’
294 1322 411 1395 Ἕλλησι
432 1324 680 1404 καμηλοπάρδαλις,
694 1325 815 1385 σύνθετον
829 1325 925 1407 τρόπον
969 1320 1000 1374 lis
1009 1324 1107 1375 Gt'aecls
1117 1322 1224 1375 dicitur.
1262 1323 1329 1374 Nam
1341 1331 1371 1373 ul
1385 1339 1481 1373 nomen
1496 1323 1570 1376 itaet
1584 1334 1677 1377 nalul'tt
1689 1342 1755 1394 qllo·

133 1410 199 1469 τινὰ
213 1410 283 1470 κατὰ
293 1410 342 1483 τὴν
356 1413 451 1481 κλῆσιν
474 1409 580 1482 galaip
599 1411 675 1492 φύσιν
695 1414 825 1491 λαχοῦσα,
866 1412 923 1484 Τὴν
969 1407 1113 1462 dammodo
1122 1408 1267 1479 composita
1276 1418 1323 1460 ost.
1362 1408 1428 1460 Nam
1436 1408 1529 1479 pellem
1539 1410 1646 1463 maculis
1656 1411 1754 1463 variam

134 1496 190 1570 μὲν
200 1496 252 1577 γάρ
261 1498 393 1556 ποικιλίαν
406 1496 461 1577 ἔχει
471 1499 634 1577 παρδάλεως,
646 1499 676 1557 τδ
686 1498 792 1578 μέγεθος
799 1500 827 1559 δὲ
837 1501 924 1577 χαμή.
968 1514 983 1548 ιι
995 1494 1101 1566 pardale
1115 1494 1206 1559 habet,
1219 1492 1427 1563 magnitudinem
1438 1495 1569 1548 anamelo.
1606 1498 1754 1550 Monstrosa

134 1588 203 1657 λου,
223 1585 253 1644 τδ
273 1584 358 1665 πάχος
378 1585 405 1645 δέ
427 1585 569 1667 ὑπερφυὲς,
584 1586 628 1645 τδν
642 1586 670 1646 δὲ
690 1587 789 1668 αὐχένα
810 1593 925 1647 τοιοῦτον
968 1587 992 1639 ei
1002 1586 1331 1658 cmssirteslceterirasa),
1343 1585 1492 1657 collumque
1500 1586 1566 1640 adeo
1580 1587 1752 1659 praelongum‚
1783 1598 1791 1618 ⁴

88 1690 115 1725 τυ
135 1672 210 1732 ὥστε
225 1674 272 1731 ἐπ’
285 1673 373 1753 ἄκρων
388 1674 549 1753 ἀμέλγεσθαι
562 1678 615 1733 τῶν
627 1674 738 1756 δένδρων
752 1677 799 1747 τὴν
813 1676 922 1757 τροφήν.
968 1689 998 1731 ut
1010 1698 1025 1731 a
1036 1679 1145 1733 summis
1154 1677 1292 1731 arboribus
1304 1677 1429 1749 pabulum
1439 1690 1537 1750 ear-pat.

180 1780 214 1819 m.
231 1757 296 1820 Ὅτι
316 1763 344 1819 σί
365 1760 484 1842 σφίγγες,
496 1761 575 1842 φησί,
593 1762 673 1823 καλοί
694 1763 864 1845 κυνοκέφαλοι
879 1763 924 1822 καί
1005 1773 1048 1841 73.
1065 1772 1193 1843 Sphingos
1206 1780 1232 1823 et
1250 1771 1425 1841 Cynocephali
1444 1782 1471 1823 et
1485 1772 1549 1842 Cepi
1568 1772 1752 1827 Alexandriam

131 1852 220 1920 κῆποι
243 1847 466 1928 παραπέμπονται
486 1851 521 1915 εἷς
546 1848 593 1921 τὴν
616 1850 807 1931 Ἀλεξάνδρειαν
826 1852 857 1910 ἐκ
878 1856 925 1922 τῆς
968 1876 1000 1911 ex
1021 1859 1242 1931 Troglodytanrm
1262 1858 1318 1913 solo
1331 1869 1358 1913 et
1376 1859 1509 1931 AEthiopia
1527 1862 1750 1917 transmittuntur.

131 1938 355 2017 Τρωγλοδυτικῆς
375 1935 420 1995 καί
433 1940 481 2008 τῆς
500 1937 647 2006 Αἰθιοπίας.
691 1939 753 1999 Εἰσί
774 1937 802 1997 δδ
824 1940 852 1997 ul
875 1938 922 2017 μέν
968 1950 1035 2001 Sunt
1046 1960 1133 2001 autern
1152 1948 1279 2019 sphinges
1290 1948 1321 1999 iis
1335 1964 1394 2018 quae
1411 1947 1580 2019 apictoribus
1593 1947 1752 2001 adumbran-

133 2025 247 2105 σφίγγες
261 2028 319 2092 ταῖς
334 2024 509 2106 γραφομέναις
526 2026 686 2106 παρόμοιαι,
699 2027 769 2097 πλὴν
785 2026 826 2085 δτι
838 2036 922 2087 πθσαι
967 2046 1012 2089 tur
1032 2035 1190 2100 consimiles,
1210 2036 1259 2087 nisi
1273 2032 1346 2106 quod
1364 2044 1425 2087 totae
1438 2035 1545 2088 hirsutae
1563 2046 1624 2088 sunt
1641 2035 1752 2088 aciones

84 2126 116 2164 ου
133 2114 242 2170 δασεῖαι
252 2111 298 2171 καί
307 2120 363 2179 ταῖς
374 2112 471 2195 ψυχαῖς
480 2112 575 2193 ἥμεροι
588 2113 633 2171 καί
644 2114 795 2195 πρᾷονκαί
805 2138 922 2195 πανουρ·
966 2132 993 2175 et
1015 2120 1132 2193 placidos
1151 2122 1254 2173 animos
1272 2120 1379 2173 habent.
1418 2119 1565 2173 Plurimum
1582 2122 1619 2173 eis
1634 2123 1752 2173 versutiae

132 2200 197 2277 γίας
216 2205 366 2259 κοινωνῶσι
383 2200 523 2273 πλείστης,
538 2202 709 2269 διδασκαλίας
722 2226 751 2261 τι
768 2206 922 2280 μεθοδεντι-
966 2210 1044 2273 inest,
1055 2206 1166 2277 ideoque
1174 2206 1207 2260 ad
1218 2206 1341 2277 aliquam,
1353 2204 1480 2259 doctrinae
1489 2206 1657 2277 compendio,
1668 2207 1751 2258 scien-

131 2287 241 2358 κῆςέπλ
255 2286 334 2347 ποοδν
354 2287 497 2367 άπτονται,
510 2288 579 2347 ὥστε
597 2289 645 2361 τὴν
659 2290 799 2372 εὐρυθμίαν
814 2292 841 2349 ἐν
855 2300 921 2351 πάσι
965 2296 1029 2347 tiam
1044 2292 1236 2365 perducuntur.
1275 2293 1484 2345 concinnitatem
1499 2294 1526 2345 in
1536 2292 1659 2345 omnibus
1670 2310 1750 2363 quarn

132 2374 290 2452 θαυμάζειν.
965 2392 1083 2446 serrant,
1097 2399 1150 2433 non
1161 2380 1207 2433 ahs
1220 2398 1250 2433 re
1263 2381 1322 2452 quis
1334 2378 1488 2433 admiretur.

970 850 992 901 si
1004 849 1092 921 alvum
1109 846 1278 917 contingendi
1296 850 1372 920 copia
1385 868 1439 902 nou
1459 849 1547 915 datur,
1562 860 1654 903 contra
1669 851 1724 921 ipse
1741 868 1756 903 a

970 945 1127 1016 proboscide
1149 956 1176 999 et
1205 944 1328 998 dentibus
1357 947 1424 998 ictus
1449 946 1634 1011 multifariam,
1659 948 1756 1000 amittit

48 2542 122 2592 Diod·
133 2542 178 2599 ἀεὶ
199 2542 384 2623 διαφερόμενον
401 2542 539 2625 ἐλέφαντι,
556 2544 586 2603 τδ
608 2544 656 2622 μὲν
680 2545 760 2626 κέρας
779 2547 844 2628 πρός
862 2570 920 2607 τινα
963 2556 1113 2628 adaequans.
1152 2556 1374 2627 Quandoquidem
1388 2557 1522 2611 aternani
1536 2574 1596 2611 cum
1615 2556 1751 2629 elephante

85 2644 114 2681 as
132 2632 188 2687 τῶν
204 2630 327 2706 μειζόνων
339 2633 441 2710 πετρῶν
451 2630 543 2709 θήγει,
556 2632 691 2710 συμπεσθν
704 2634 725 2693 δ’
736 2637 771 2701 τίς
779 2635 870 2715 μάχην
882 2638 921 2715 τῷ
964 2646 1124 2698 concertatio
1138 2654 1178 2697 ast
1194 2642 1229 2696 de
1246 2644 1363 2714 pascuis,
1384 2642 1418 2697 ad
1431 2660 1523 2697 saxum
1541 2643 1648 2714 aliquod
1667 2643 1752 2713 majus

134 2717 318 2799 προειρημένῳ
325 2716 407 2799 θηρίῳ
417 2720 463 2777 καί
473 2720 598 2778 ὑποδῦνον
607 2720 658 2780 ύπδ
672 2720 718 2793 τὴν
726 2723 826 2781 κοιλίαν
840 2724 921 2803 drap·
964 2750 1049 2785 cornu
1067 2734 1183 2797 exacuit,
1208 2742 1235 2785 et
1253 2730 1379 2785 conflictu
1402 2733 1482 2797 inito,
1504 2733 1589 2785 ventri
1609 2732 1752 2785 succedens

136 2805 227 2884 ρήττει
241 2809 279 2885 τῷ
303 2804 394 2884 κέρατι
417 2808 536 2887 καθάπερ
561 2807 627 2889 ξίφει
648 2809 697 2883 τὴν
718 2809 820 2890 σάρκα·
840 2812 879 2890 τῷ
893 2811 921 2869 δέ
964 2836 1055 2871 carnes
1071 2836 1125 2871 non
1147 2836 1220 2871 secus
1238 2836 1268 2871 ac
1280 2816 1366 2887 gladio
1385 2816 1505 2871 dissecat.
1526 2819 1583 2870 Hoc
1601 2835 1695 2888 pugnae
1707 2836 1750 2886 ge·

133 2889 246 2971 τοιούτιρ
263 2891 352 2973 τρόπῳ
362 2896 411 2964 τῆς
430 2892 521 2974 μάχης
541 2893 679 2976 χρώμενον
700 2895 795 2974 ἔξαιμα
808 2896 920 2955 ποιείτδι
964 2922 1028 2957 nere
1050 2904 1137 2958 hostes
1157 2923 1299 2976 exsangues
1315 2904 1403 2957 reddit
1425 2904 1574 2976 multosque
1596 2905 1647 2958 hoc
1672 2916 1749 2977 pacto

135 2979 215 3059 θηρία
228 2980 272 3038 καί
286 2979 372 3039 πολλὰ
387 2983 538 3062 διαφθείρει.
579 2981 667 3044 Ὅταν
680 2984 707 3044 δί
721 2989 735 3043 θ
747 2984 840 3065 ἐλέφας
854 2983 921 3066 φθό·
964 3003 1050 3045 necat.
1064 2995 1099 3046 At
1112 2995 1133 3044 si
1145 2992 1263 3064 elephas,
1279 3003 1404 3046 conatum
1416 2991 1553 3046 subeuntis
1569 3002 1748 3056 antevertens,

93 3083 122 3122 αι)
136 3089 185 3132 σας
214 3068 339 3141 τλνίιπδ
362 3067 410 3139 τὴν
434 3069 536 3130 κοιλίαν
560 3071 682 3130 ὑπόδυσιν
708 3077 741 3152 τῇ
767 3071 921 3151 προθοσκίδι
964 3076 1121 3150 proboscide
1132 3079 1324 3131 rhinocerotem
1336 3077 1576 3148 comprehenderit,
1591 3095 1673 3148 quum
1686 3076 1750 3129 den-

136 3155 374 3234 προκαταλάόηται
395 3157 439 3217 τδν
464 3158 612 3239 ῥινόκερων,
639 3161 800 3238 περιγίνεται
828 3159 922 3241 ῥαδίως
964 3166 1031 3218 tium
1054 3167 1107 3217 ictu
1129 3175 1155 3216 et
1175 3166 1198 3216 vi
1220 3164 1338 3236 corporis
1356 3163 1518 3235 praepolleat,
1537 3163 1610 3216 lacile
1630 3165 1750 3234 superior

136 3241 241 3302 τύπτων
255 3253 308 3312 τοῖς
322 3247 409 3304 ὀδοῦσι
422 3245 468 3306 καί
482 3251 516 3326 τῇ
528 3247 574 3328 βία
585 3245 663 3306 πλέον
679 3246 789 3326 ἰσχύων.
964 3251 1060 3305 evadit.

176 3351 213 3390 τι.
231 3334 265 3392 hl
277 3333 304 3390 δέ
316 3332 421 3414 σφίγγες
435 3333 549 3412 γίνονται
561 3335 610 3413 μέν
617 3335 678 3416 περί
690 3359 717 3394 τε
730 3335 778 3408 τὴν
792 3339 920 3417 Τρωγλο-
1000 3341 1044 3410 73.
1068 3340 1195 3412 Sphingos
1216 3340 1285 3392 circa
1311 3336 1523 3410 Troglodyticam
1547 3347 1573 3390 et
1590 3337 1748 3409 AEthiopiarn

137 3419 244 3490 δοτικὴν
252 3420 298 3478 καί
306 3419 355 3491 τὴν
366 3422 510 3495 Αἰθιοπίαν,
524 3431 582 3491 ταῖς
594 3423 621 3482 δέ
633 3428 746 3504 μορφαῖς
757 3424 920 3504 ὑπάρχουσιν
963 3431 1102 3494 exsistunt,
1117 3428 1201 3482 sonna
1213 3428 1254 3480 his
1265 3445 1319 3480 non
1333 3425 1474 3492 aluimilcs,
1488 3443 1546 3496 quae
1554 3437 1609 3479 arte
1617 3427 1748 3497 pictorum

98 3521 122 3557 ³⁵
135 3510 183 3566 υίκ
196 3508 314 3584 ἀνόμοιοι
326 3510 384 3576 ταῖς
392 3511 581 3592 γραφομέναις,
597 3511 675 3590 μόνον
685 3511 714 3571 δὲ
725 3517 782 3581 ταῖς
793 3514 920 3585 δασύτησι
964 3515 1131 3579 exhibentur,
1145 3516 1194 3566 nisi
1209 3513 1281 3584 quod
1297 3513 1407 3566 hirsutie
1416 3512 1601 3566 tantummodo
1610 3511 1746 3565 differunt.

136 3596 329 3656 διαλλάττουσι·
338 3597 384 3665 τάς
391 3599 418 3657 δέ
424 3599 629 3679 ψνχέςὴμέροος
636 3600 745 3680 ἔχουσαι
753 3601 799 3660 καί
806 3601 919 3680 πανώρ.
964 3601 1061 3654 Placidi
1070 3601 1119 3653 illis
1132 3611 1194 3654 sunt
1206 3600 1287 3653 animi
1299 3610 1326 3654 et
1338 3597 1484 3653 admodum
1494 3600 1605 3666 versuti,
1619 3599 1747 3668 artisque,

135 3707 197 3762 γους
205 3684 248 3742 ἐπὶ
256 3687 345 3745 πλεῖον
355 3684 400 3745 καί
413 3687 583 3746 διδασκαλίαν
596 3688 734 3764 μεθοδικὴν
745 3687 919 3768 ἐπιδέχονται.
964 3707 1024 3760 quae
1032 3689 1190 3760 compendio
1203 3687 1269 3742 tradi
1283 3698 1377 3759 potat,
1395 3705 1510 3758 “Pffi

134 3924 176 3974 Ex
189 3921 380 3990 Agatharchides
399 3942 446 3976 sua
458 3923 538 3978 habet
553 3924 669 3978 AElianus
689 3927 777 3990 XVII,
792 3929 825 3988 44
841 3943 847 3978 :
863 3923 920 3978 Ἐπὶ
966 3921 1119 3981 ακόντιστον,
1145 3917 1202 3970 ἀλλ’
1222 3917 1293 3988 ἡβία
1314 3922 1356 3971 τοῖ’Ι
1377 3917 1537 3988 ἐμπίπτοντος
1553 3915 1620 3986 μάλα
1633 3917 1745 3986 καρτερά.

134 4001 210 4070 ἄκρας
227 4005 271 4065 τῆς
284 4000 348 4070 ῥινδς
362 4001 392 4054 ch
405 4003 474 4072 κέρας
491 4003 603 4076 φέρει(δ
618 4003 776 4075 ῥινόκερως),
793 4004 861 4057 ἔνθεν
881 4006 923 4058 καὶ
966 3997 1007 4049 Cf·
1029 3997 1127 4050 Plinius
1146 3999 1221 4059 νΠῙ,
1246 4013 1295 4066 29;
1315 3999 1422 4050 Cosmas
1446 3994 1607 4066 IndOPleffil·
1632 4011 1659 4064 P·
1679 3995 1746 4058 335„

134 4079 264 4146 κέκληται·
280 4080 322 4132 καὶ
335 4079 387 4133 ἔστι
402 4080 445 4152 μὲν
461 4081 578 4143 ὀξύτατον
590 4083 628 4136 ἐπ’
641 4083 730 4153 άκρου,
744 4083 836 4155 σιδήρῳ
848 4083 875 4136 δέ
892 4085 922 4136 τδ
966 4078 1081 4146 Oppiam
1096 4078 1193 4146 Cyneg·
1209 4079 1244 4140 ll,
1259 4077 1320 4139 554.

133 4158 252 4227 κρατερὸν
272 4157 347 4211 αθτοῦ
366 4160 548 4230 προσείκασται.
567 4161 627 4221 Ταῖς
637 4163 733 4230 πέτραις
750 4180 780 4231 γε
802 4159 851 4231 μὴν
862 4160 922 4215 αθτδ
1001 4159 1069 4222 §72
1087 4155 1128 4208 Ct'.
1143 4155 1243 4208 Plinius
1256 4155 1436 4223 vm,27.1n
1451 4153 1567 4221 margine
1582 4149 1642 4202 cod.
1655 4153 1678 4204 A
1689 4150 1748 4218 legi·

134 4237 290 4306 παρατρίάων
304 4235 361 4290 εἶτα
382 4238 490 4304 ἐπιθήσει
508 4240 519 4306 (
531 4239 548 4291 l.
562 4238 601 4291 dai
612 4239 643 4309 (Ρ)
661 4237 792 4308 ἐπιθηγει)
810 4239 921 4309 ἐλέφαντι
965 4245 1026 4288 tur:
1039 4233 1115 4287 Εἶδον
1127 4234 1155 4286 τὶν
1167 4238 1278 4288 τοιοῦτον
1290 4237 1356 4304 ζῷον
1366 4231 1435 4301 κάγὼ
1445 4231 1510 4302 παρὰ
1522 4235 1564 4284 τοῦ
1576 4233 1749 4299 τυραννοῦντος

133 4314 213 4384 ὁμόσε
224 4314 281 4367 ἰών·
295 4315 327 4369 τά
336 4316 362 4369 δέ
380 4315 448 4368 ἄλλα
458 4316 502 4369 οὐκ
515 4320 551 4369 ὢν
565 4316 712 4387 ἀξιόμαχος,
727 4318 768 4368 διά
778 4336 805 4370 u
818 4317 847 4370 τὸ
860 4318 921 4372 ἔχει.
965 4311 991 4366 ἐν
1005 4311 1169 4383 Ἀλεξανδρείᾳ
1181 4312 1268 4366 σταλὲν
1283 4317 1319 4382 τῷ
1337 4311 1437 4381 βασιλεῖ
1446 4309 1529 4381 ἡμῶν·
1547 4309 1646 4378 ζοράριν
1659 4308 1680 4359 δ’
1695 4307 1749 4360 ἐκά-

133 4413 179 4445 νου
198 4393 255 4465 θρος
275 4395 316 4448 καί
335 4393 380 4460 τὴν
395 4395 481 4467 ῥώμην
501 4395 546 4462 τὴν
564 4400 609 4450 τοῦ
626 4395 698 4465 θηρὸς
716 4393 762 4461 τὴν
787 4397 918 4464 τοσαύτην,
964 4392 1003 4444 λει
1016 4397 1087 4444 τοῦτο
1105 4392 1119 4444 ὁ
1138 4390 1240 4462 ἀγαγὼν
1261 4390 1388 4461 βάρθαρος.
1412 4389 1509 4442 Nabim
1527 4385 1561 4440 ab
1582 4385 1748 4456 AEthiopibus

132 4472 214 4525 ὕπεισι
226 4468 270 4525 οὖν
291 4473 365 4527 αθτοῦ
389 4473 421 4527 τὰ
441 4475 534 4542 σκέλη,
549 4475 591 4527 καὶ
601 4472 646 4539 τὴν
659 4474 735 4542 νηδθν
754 4473 884 4546 θποςέρνςι
894 4497 921 4530 u
965 4473 1051 4524 vocari
1062 4472 1161 4524 Plinius
1170 4473 1244 4535 VIII,
1257 4486 1290 4539 ²7
1302 4469 1391 4522 tradit.
1408 4466 1449 4520 CI.
1464 4468 1572 4520 Cosmus
1585 4465 1603 4518 l.
1616 4463 1646 4529 1.,
1659 4465 1748 4518 Helio-

132 4552 177 4604 καὶ
191 4551 318 4623 θποσχίζει
336 4559 372 4625 τῷ
384 4555 480 4624 κέρατι·
494 4554 509 4607 δ
522 4555 548 4608 δέ
565 4553 595 4608 οθ
610 4553 671 4626 μετὰ
690 4554 784 4625 μσοιρδν
799 4553 921 4626 ἐκρυέντος
963 4549 1023 4604 dor.
1033 4553 1058 4604 X
1071 4568 1114 4620 27,
1127 4550 1215 4620 ibique
1222 4552 1306 4620 Coray
1316 4569 1323 4614 ;
1334 4548 1522 4616 Philostorgius
1532 4547 1566 4598 H.
1578 4545 1648 4598 Eccl.
1661 4547 1710 4610 ΠΙ,
1719 4561 1746 4610 a,

132 4631 158 4683 ol
172 4634 217 4683 τοῦ
234 4632 340 4703 αἵματος
357 4633 538 4687 κατολισθάνει.
558 4634 637 4705 Μάχη
651 4633 846 4704 δίρινοιιέρυτος
862 4636 921 4705 πρὸς
962 4647 990 4700 p.
1011 4630 1118 4692 θθθοιί.
1137 4631 1219 4682 Paris.
1249 4631 1260 4697 ll
1276 4659 1312 4670 -
1336 4645 1378 4681 ιο.
1397 4627 1438 4679 καί
1460 4623 1551 4678 addidi
1568 4641 1600 4676 cx
1620 4624 1650 4676 C.
1677 4625 1688 4693 ΙΙ
1711 4653 1747 4664 -

132 4709 254 4780 ἐλέφαντα
270 4710 329 4784 θπίρ
346 4716 390 4779 τῆς
407 4717 485 4785 νομῆς
498 4712 574 4779 ἔστιν,
596 4714 638 4767 καλ
657 4713 763 4775 πολλοῖς
782 4734 822 4784 γε,
835 4716 918 4785 φασίν,
965 4726 1008 4762 12.
1024 4707 1078 4774 τὴν
1101 4707 1216 4774 κλῆσιν
1242 4707 1387 4777 aallhaec
1401 4705 1478 4774 vulgo
1489 4703 1599 4767 desunt;
1616 4702 1747 4756 habentur

131 4788 246 4858 ἐντυχεῖν
258 4789 309 4844 ἐστι
318 4791 434 4844 τεθνεῶσι
447 4792 490 4845 τδν
499 4794 590 4863 τρόπον
598 4796 696 4847 τοῦτον.
705 4791 744 4846 'Aa
756 4792 783 4846 δέ
792 4791 826 4864 μὴ
839 4795 919 4866 φθάσῃ
962 4792 990 4842 iu
1005 4790 1080 4843 ΑΒΕ.
1095 4791 1106 4858 ΙΙ
1122 4817 1158 4828 -
1173 4792 1213 4851 τί..
1234 4788 1349 4857 πάχος]
1370 4804 1427 4838 uun
1441 4783 1560 4854 τάχοςίν
1576 4784 1695 4835 anxnx.

131 4867 919 4944 ὅρῑνύκερωςδράαοςτοῦτο,άλλδθποτρέχωνπωςίιπδπεσόν-
998 4872 1013 4937 S
1037 4875 1080 4924 73.
1107 4867 1147 4920 Cf.
1177 4868 1276 4920 Plinius
1294 4867 1369 4928 vttt,
1391 4881 1425 4932 ας
1446 4879 1453 4916 :
1477 4866 1578 4932 Lyrtcns
1597 4860 1747 4945 frequentes

130 4947 249 5016 w<(lr.’
263 4949 431 5020 ίμπεαόντοςέ
445 4951 696 5024 8οίιοείά.)πιεσθῇ
712 4951 920 5022 περιθαλλόμενος
961 4961 986 5002 rt
999 4947 1127 5020 sphingas
1138 4946 1219 5016 srtsco
1235 4945 1304 5018 pilo,
1324 4941 1445 4996 rrrnnrnu's
1468 4941 1495 4995 in
1511 4953 1614 5014 μισιοιε
1635 4954 1746 5005 geniatus

130 5025 178 5092 ‘hl
196 5029 362 5098 πρῡθῡῦῑίδα,
384 5029 542 5102 [θέλέφας]
561 5032 603 5084 καὶ
620 5032 718 5102 κατέχει
734 5030 848 5102 καὶπρὸς
863 5031 918 5083 ἐαν-
963 5028 1105 5099 AE'tln'npin
1130 5036 1244 5094 gererent.
1276 5024 1431 5078 Accusatius
1458 5021 1555 5074 animal
1590 5015 1746 5106 describitur

129 5107 176 5158 τδν
189 5105 267 5172 ἐλκει,
282 5107 408 5180 ἐμπίπτων
419 5109 446 5163 δὲ
458 5112 512 5172 τοῖς
522 5112 605 5179 κέρασι
615 5112 762 5163 κατακόπτει
772 5110 806 5171 ὣς
819 5109 918 5162 πελέκε-
963 5126 977 5160 a
1001 5106 1174 5176 Philostorgio
1188 5106 1236 5168 111,
1259 5119 1285 5168 a,
1305 5120 1331 5174 p.
1352 5101 1415 5166 483,
1437 5099 1482 5153 ubi
1501 5098 1569 5152 vide.
1589 5097 1630 5150 (lt.
1652 5094 1745 5148 AEhan.

131 5204 181 5237 σιν.
197 5184 227 5236 Et
237 5185 285 5257 γάρ
301 5187 342 5240 καὶ
354 5189 456 5258 φορίνην
466 5189 480 5241 θ
491 5189 618 5259 ῥινόκερως
632 5188 792 5262 έχειατερεέν
806 5189 848 5242 καὶ
865 5190 919 5242 δυτ-
963 5189 1042 5252 ΧΙἸ,
1058 5188 1097 5239 15.
