3950 5925
264 428 340 473 carr
920 406 1220 473 Paotnuounrlll.

264 556 325 614 proe
334 533 437 601 ceteris
452 553 519 593 usus
529 545 572 591 est
584 532 755 609 linonymus
766 528 876 609 Peripii
887 546 1000 609 auctor,
1015 534 1047 591 in
1093 532 1371 606 effinxerinouodsi
1380 533 1876 619 est,indicariputaverisdrriannm

264 649 351 707 quem
365 628 481 687 Arriani
500 626 717 685 Nicomedensis
731 643 837 683 nomeu
849 628 880 685 in
897 628 960 687 cod.
976 648 1045 705 per-
1094 628 1879 711 historicum‚quii)exippifereaequaiisfuisseridetnr

264 745 364 804 peram
377 724 560 783 transfertur.
572 720 715 780 Praeterea
722 720 858 779 Nostrum
873 722 971 780 laudat
984 721 1048 781 Ste-
1094 722 1161 799 (Fr.
1181 724 1216 781 Η.
1237 723 1292 795 Ml,
1306 744 1336 803 p.
1352 726 1422 797 673,
1445 745 1479 783 ια
1491 726 1510 801 ).
1534 727 1571 785 λι
1589 728 1686 789 malim
1702 733 1830 809 cogitare
1841 734 1879 791 de

264 822 378 900 pilanus
394 822 463 899 Byr.
476 840 505 877 r.
519 818 636 892 Ἀθῆναι,
651 815 768 892 'elipsim
780 818 790 894 (
801 818 880 894 quod
897 818 927 875 in
937 818 1046 875 vitioso
1092 818 1206 895 periplo
1224 819 1324 895 aliquo
1348 818 1435 879 Ponti
1459 818 1583 899 Euxini,
1609 825 1660 901 qui
1686 829 1740 885 sub
1758 827 1879 887 Atriam

263 918 364 977 codice
378 917 488 995 reperit
501 936 556 994 pro
573 912 702 994 Ἆρμίνη,
717 934 747 969 v.
764 928 824 971 not.
839 914 883 971 ad.
901 934 931 991 p.
949 915 1046 989 388,ι)
1092 914 1210 971 nomine
1232 915 1309 991 apud
1328 914 1505 991 Byzantinos
1519 919 1785 981 circumferebatur.
1801 923 1879 983 Fnr·

264 1014 378 1093 ’λψιλαι,
391 1010 493 1091 Ἴστρος
507 1013 554 1089 )·),
576 1009 713 1089 Κοτύωρα,
728 1008 949 1083 Λαζοί,’Τύανα,
962 1009 1048 1087 ρΙιιι·α
1092 1022 1166 1067 tasse
1180 1010 1262 1069 ilium
1279 1011 1374 1089 ipsum
1385 1032 1471 1091 quem
1487 1028 1617 1091 exparte
1633 1017 1727 1077 adhuc
1738 1018 1881 1081 habeam

264 1111 314 1169 ille
329 1110 450 1169 laudans
470 1130 507 1167 cx
521 1108 639 1167 Arriani
652 1107 831 1183 Bithyniacis
846 1119 875 1163 et
891 1104 1044 1165 Parthicis.
1091 1106 1236 1183 pet-iplum
1251 1105 1502 1166 Pseudo-Arriani
1520 1110 1611 1169 variis
1626 1128 1643 1169 e
1661 1111 1792 1173 fontibus
1807 1134 1879 1173 con·

263 1207 395 1283 Denique
409 1206 445 1265 de
455 1206 585 1263 Ponticis
597 1203 768 1280 regionibus
785 1203 941 1261 arrianum
957 1205 1047 1259 citant
1091 1200 1188 1259 ilatum
1215 1202 1347 1281 (inquo
1376 1203 1528 1281 Myrmecii
1558 1206 1667 1265 mentio
1695 1207 1743 1281 fit,
1764 1209 1814 1267 sed
1839 1210 1880 1267 de

261 1300 425 1378 Procopius
435 1301 478 1357 De
487 1298 558 1357 bell.
569 1297 657 1357 Goth.
670 1297 716 1372 lv,
736 1307 780 1367 ι),
793 1317 824 1374 p.
837 1296 892 1354 535
901 1296 937 1354 ed
951 1296 1044 1356 Bonn.
1091 1297 1205 1356 Achille
1220 1296 1316 1357 fabula
1330 1300 1459 1358 nondum
1470 1301 1605 1377 iegitur),
1618 1316 1717 1381 postea
1729 1305 1879 1365 novisad·

259 1410 290 1453 et
304 1401 363 1455 Leo
374 1396 521 1455 Diaconos
533 1394 584 1471 ill,
595 1397 624 1453 6.
638 1394 675 1451 λι
685 1414 749 1473 quae
759 1392 796 1451 ab
806 1393 865 1451 iliis
873 1391 1043 1463 afferuntur,
1089 1392 1255 1452 ditamentis
1267 1407 1421 1453 auxerunt.
1439 1395 1601 1474 Procopius
1618 1418 1689 1459 uero
1701 1400 1772 1460 Bell.
1783 1400 1876 1459 Goth.

262 1495 293 1549 in
305 1506 404 1551 nostro
419 1492 544 1551 Arriano
556 1511 615 1549 non
628 1502 751 1549 exstant.
773 1490 869 1557 Quare
881 1501 1044 1547 truncatum
1090 1486 1136 1559 ill,
1156 1497 1201 1557 rt,
1222 1506 1252 1567 p.
1271 1488 1327 1547 535
1343 1489 1391 1549 ad.
1407 1488 1501 1550 Bonn.
1517 1492 1559 1551 ita
1569 1490 1673 1553 habet:
1694 1492 1802 1567 Ταύτην
1822 1517 1878 1553 πα·

261 1606 321 1645 esse
335 1607 421 1665 quem
434 1601 565 1646 tenemus
578 1585 710 1645 libellum
720 1584 885 1663 complures
895 1584 1045 1643 existima·
1090 1582 1164 1663 ραρτῖ
1174 1581 1221 1653 τὴν
1236 1580 1327 1662 χώραν
1340 1581 1396 1665 [cla
1410 1581 1536 1661 Λαζικὴν)
1548 1586 1676 1663 ποταμὸς,
1686 1582 1770 1647 ‘Pius
1778 1586 1876 1665 ὄνομα,

257 1695 340 1741 runt.
348 1680 551 1741 Verumtamen
561 1701 626 1759 quae
634 1678 906 1739 IaeoDiaconusl.l.
922 1680 994 1755 (not.
1008 1679 1044 1737 ad
1088 1668 1167 1751 οῧδι)
1188 1679 1218 1738 τὸ
1239 1678 1359 1759 φρούριον
1382 1679 1555 1761 ᾠκοδόμησαν
1573 1683 1604 1743 lu
1626 1685 1741 1743 ααλαιαῧ
1765 1684 1879 1763 Κόλχοι,

256 1796 288 1854 p.
315 1778 389 1853 lli)
405 1796 444 1835 ex
464 1776 581 1835 Arriani
596 1778 710 1863 Perprio
734 1775 830 1843 affert,
853 1774 994 1833 Achillem
1013 1775 1043 1831 in
1088 1761 1168 1853 οἷπερ
1183 1773 1289 1853 ὕστερον
1308 1774 1383 1835 οὗτοὶ
1403 1774 1433 1834 τὸ
1451 1777 1573 1837 ulciscor
1593 1778 1619 1845 te
1640 1776 1878 1859 ἔδαροςιιαθαῑλαν,

260 1871 458 1947 lifyrmecione
481 1871 603 1949 Bospori
627 1869 795 1927 Cimmerici
817 1868 930 1947 oppido
942 1868 1044 1948 (ctrjus
1088 1867 1145 1926 ἐπεὶ
1159 1869 1185 1925 ἐν
1194 1868 1275 1949 πεδίῳ
1293 1866 1412 1945 κείμενον
1427 1873 1451 1937 ἐς
1473 1870 1540 1949 ἄγαν
1556 1870 1642 1952 incip
1655 1872 1773 1955 ιῦέραδον
1785 1874 1877 1955 cpiam

260 1964 290 2024 in
307 1964 588 2041 Pseudo-Arrianus
601 1964 638 2021 50
647 1966 756 2023 mentio
767 1964 813 2040 fit)
827 1976 924 2021 natum
940 1983 1003 2023 csse
1016 1976 1045 2021 et
1087 1960 1170 2031 ἔδοξαν
1183 1954 1260 2023 εἶναι.
1276 1962 1420 2023 Κοτυαίιιαν
1436 1963 1463 2023 li
1474 1964 1533 2025 τότε
1544 1964 1574 2025 τὸ
1591 1961 1710 2048 φρούριον
1723 1968 1880 2045 ὠνομάζετο

241 2060 357 2119 irinc-a
365 2060 481 2139 Scythis
487 2062 690 2119 crudelitatem
702 2059 767 2139 ejus
774 2061 914 2119 aversatis
926 2064 1042 2139 pulsum
1086 2062 1119 2136 τῇ
1137 2058 1272 2130 Ἐλλήνων
1294 2064 1382 2141 ρωνῇ,
1394 2066 1438 2121 νῦν
1450 2062 1539 2139 μέντοι
1563 2064 1735 2123 Κοντατίσιον
1753 2065 1876 2141 (ficariis

258 2157 289 2213 in
314 2157 495 2216 'Plrcssaliam
514 2156 643 2229 abiisse,
671 2170 757 2235 atque
779 2158 944 2235 Scythicam
967 2156 1043 2215 hanc
1088 2153 1153 2212 cod.
1170 2154 1259 2231 neg.)
1278 2154 1343 2213 αὗτθ
1355 2154 1465 2214 καλοῦσι
1477 2156 1603 2237 Aricini
1621 2162 1669 2229 τῆς
1682 2162 1769 2239 φωνῆς
1781 2158 1879 2241 ἀγνοίᾳ

258 2252 381 2309 λοΙιίΙΙία
417 2253 561 2327 originem
587 2253 685 2310 testari
713 2252 842 2309 colorem
868 2252 1042 2331 capillorum
1088 2246 1135 2319 τὴν
1147 2254 1192 2305 τοῦ
1203 2248 1330 2324 ὀνόματος
1349 2249 1538 2329 διαφθείραντες
1554 2248 1692 2333 ἁρμονίαν.
1713 2255 1805 2315 Ταῦτα
1825 2255 1878 2331 μὲν

257 2361 286 2405 οι
306 2348 456 2406 oculorum
474 2361 503 2404 et
516 2348 666 2423 ingenium
681 2361 709 2405 ct
720 2347 857 2407 vestitum
868 2359 897 2405 et
907 2347 965 2405 alia
978 2366 1043 2427 epure
1087 2338 1112 2401 Ἀ
1124 2365 1138 2421 ρ
1148 2341 1257 2421 pravis
1277 2343 1359 2423 airus
1378 2342 1524 2424 ἱστόρησεν·
1541 2344 1623 2427 tripu
1637 2346 1665 2405 M
1678 2367 1743 2428 paor
1755 2349 1831 2409 πολιν
1847 2372 1878 2409 τι

257 2442 294 2500 de
305 2442 416 2501 Achille
433 2456 524 2518 poetes
539 2456 643 2501 canant
661 2462 715 2503 :ea
730 2442 900 2518 longissime
910 2442 1043 2501 absunta
1086 2436 1218 2517 γεγονέναι
1226 2440 1251 2496 ἐν
1259 2439 1666 2523 ταῑςᾶνωχρόνοιςτὸχωρίονκα)
1675 2444 1875 2505 Κῦταῑνιιαλαῖ-

256 2536 492 2615 splendidissimo
504 2536 627 2598 Achillis
638 2537 796 2617 praeconio,
807 2536 888 2617 quod
896 2538 929 2597 in
940 2550 1041 2599 nostro
1086 2537 1158 2593 σθαι·
1173 2532 1273 2593 ἐνθένθε
1284 2534 1440 2608 victiliana
1454 2539 1592 2616 ὡρμῆσθαι
1603 2538 1647 2597 καλ
1660 2540 1705 2597 ἀπ’
1717 2540 1796 2599 αὐτοῦ
1814 2540 1878 2607 τοὺς

256 2634 375 2692 Arriani
401 2633 518 2710 periplo
552 2634 594 2709 (S
616 2634 652 2701 di
679 2654 710 2711 p.
737 2634 811 2710 399)
839 2634 956 2709 iegitur,
988 2655 1043 2693 nec
1085 2628 1196 2701 ποιητὰς
1207 2630 1322 2689 nirdam
1333 2630 1499 2693 Κυταῖίαιια)
1509 2630 1613 2709 pincia
1628 2632 1875 2713 ΚαλχίδαΚοταΐθα

256 2732 284 2785 in
297 2728 397 2785 eodem
413 2728 514 2786 libello
531 2739 587 2786 tatu
607 2730 754 2788 contraria
774 2729 850 2788 tradi
863 2742 1039 2808 potuerunt,
1085 2726 1175 2785 καλιῖν
1191 2724 1257 2805 (Cf.
1270 2738 1329 2787 not.
1342 2724 1378 2785 ad
1390 2726 1468 2804 Scyl.
1485 2748 1515 2807 p.
1529 2730 1566 2787 iia
1577 2730 1753 2805 inirrianus
1774 2744 1877 2789 noster

255 2835 287 2879 ut
301 2834 378 2879 recte
387 2836 485 2880 monet
499 2822 742 2900 liemlrardyusin
754 2823 884 2883 Analect.
896 2824 931 2882 ad
942 2842 1041 2899 geogr.
1086 2819 1122 2879 tle
1136 2822 1182 2880 iris
1195 2841 1231 2881 ne
1244 2820 1367 2881 verbum
1383 2822 1501 2901 quidem
1514 2825 1608 2897 habet,
1619 2826 1673 2883 etsi
1694 2826 1730 2885 de
1746 2826 1875 2885 Phaside

255 2936 285 2992 p.
301 2936 334 2974 ar
350 2914 409 2995 (”).
420 2916 595 2976 Cimmerius
610 2917 664 2976 istc
673 2916 801 2977 Achilles
815 2916 891 2977 haud
904 2917 995 2978 dubie
1004 2919 1041 2976 ei·
1086 2914 1177 2975 fluvio
1195 2916 1302 2977 multus
1318 2931 1361 2978 est
1377 2918 1396 2996 S
1413 2937 1448 2978 10
1468 2938 1511 2994 sq.
1529 2916 1727 2980 probabiliter
1747 2922 1874 2980 eundem

254 3010 320 3068 dem
337 3012 562 3088 Byzantinorum
581 3010 685 3071 fabulae
698 3011 821 3072 debetur
842 3032 878 3070 ex
890 3033 948 3092 qua
961 3012 1040 3091 apud
1085 3010 1246 3089 Procopius
1258 3033 1344 3091 quem
1359 3014 1418 3076 Leo
1435 3015 1690 3078 Pseud-arrianum
1708 3019 1819 3092 laudat;
1833 3039 1873 3078 ex

254 3104 385 3163 illaialarn
395 3127 471 3185 p.97
483 3105 529 3164 ed.
539 3107 769 3166 Boumaclrilles
779 3107 860 3166 ducit
871 3106 982 3186 στρατὸν
988 3109 1040 3165 τῶν
1085 3107 1244 3184 eodemque
1257 3108 1374 3170 fluxerit
1388 3113 1467 3188 qnod
1482 3111 1519 3170 de
1540 3111 1823 3193 Phasideiiuropam
1844 3127 1876 3174 et

253 3198 400 3275 λεγομένων
421 3199 595 3280 Μυρμιδόνων
612 3200 689 3277 τότε,
704 3206 749 3258 νῦν
774 3202 801 3260 M
825 3203 951 3281 Βουλγά
957 3225 1037 3281 ρων.
1085 3204 1181 3261 Asiam
1193 3203 1413 3264 disterminante
1423 3207 1500 3284 apud
1511 3206 1688 3284 Procopium
1704 3209 1810 3284 legitur
1823 3210 1832 3284 i
1845 3231 1876 3267 v.

253 3295 459 3374 fieruirardyus
481 3296 608 3355 Leonem
635 3312 732 3356 censet
755 3298 890 3357 fefellisse
910 3299 1038 3376 speciem
1085 3312 1145 3356 not.
1162 3300 1242 3378 adp.
1262 3303 1438 3378 dpietsu
1456 3323 1486 3380 p.
1503 3305 1580 3380 ira).
1664 3342 1666 3350 ,

252 3392 406 3469 scriptoris
418 3393 615 3468 cognominis,
630 3393 676 3450 cui
689 3391 726 3451 de
736 3413 790 3451 suo
802 3413 879 3471 penu
896 3397 1039 3470 Periptum
1128 3395 1193 3469 189.
1215 3395 1381 3455 Eorrronns.
1400 3397 1500 3454 lantes
1515 3417 1650 3456 ursronra
1665 3398 1788 3458 Anabasi
1805 3413 1874 3458 tan·

250 3559 335 3608 ceteris
345 3559 457 3608 omnibus
470 3573 525 3622 qua
539 3559 604 3623 apud
616 3561 709 3610 veteres
719 3559 846 3622 scriptores
862 3572 953 3622 graccos
962 3563 987 3608 nt
1005 3559 1091 3608 latinos
1104 3559 1135 3610 de
1150 3563 1225 3612 Ponto
1242 3563 1386 3625 accepimus,
1398 3560 1422 3612 in
1435 3563 1596 3614 narrationem
1619 3566 1758 3614 continuam
1774 3571 1797 3614 et
1815 3578 1874 3627 quire

250 3629 332 3690 gallice
353 3630 443 3692 stylum
462 3629 631 3678 Sallustianum
653 3629 772 3690 redderet,
786 3628 898 3678 mndasit
907 3629 1032 3692 ediditque
1046 3629 1055 3691 (
1067 3630 1091 3679 iu
1114 3633 1185 3680 Mem.
1201 3631 1232 3680 de
1245 3631 1298 3680 l'ac.
1310 3639 1328 3682 t.
1348 3637 1389 3692 (ti,
1409 3645 1431 3694 p.
1452 3635 1553 3684 nat-ln.
1572 3638 1591 3684 t.
1607 3641 1635 3684 ti
1658 3648 1680 3696 p.
1704 3635 1815 3694 tinent)
1834 3638 1874 3682 tte

251 3705 364 3759 tirosscs,
376 3698 475 3761 prolixo
484 3700 569 3749 titulo:
586 3703 618 3752 ta
627 3700 728 3762 perinte
739 3699 771 3748 tte
782 3699 903 3758 t'liurin,
917 3700 953 3749 tet
962 3700 1039 3764 pu'on
1053 3703 1116 3762 peut
1127 3703 1262 3764 precamur
1272 3715 1322 3764 quc
1332 3703 1446 3752 sceleste
1461 3701 1556 3753 furuit
1568 3703 1643 3763 derit,
1663 3715 1722 3754 ocrs
1738 3705 1766 3754 ia
1774 3705 1817 3765 sm
1832 3704 1872 3752 ctu

251 3769 381 3818 trotstdme
396 3769 462 3818 itere
473 3767 506 3818 dc
516 3781 562 3818 sou
574 3769 680 3819 histoire
685 3786 695 3830 ,·
705 3769 802 3819 rttadil
814 3783 861 3818 sur
877 3770 914 3818 ies
921 3769 1073 3831 fragments
1088 3775 1133 3835 qui
1147 3785 1210 3821 nom
1224 3785 1255 3821 cu
1270 3772 1495 3830 resteut‚d1'cide
1508 3773 1552 3822 des
1562 3776 1667 3824 nucleus
1679 3775 1873 3838 clericatusque

251 3839 367 3890 salitule
377 3852 394 3889 α
406 3851 444 3902 pu
455 3840 588 3890 consulter
598 3842 624 3890 et
634 3839 666 3890 de
676 3852 743 3890 cestr
759 3843 805 3904 qui
817 3844 863 3890 ont
877 3853 909 3890 eu
923 3855 969 3890 son
980 3855 1095 3904 ouurcoc
1108 3845 1181 3892 entre
1194 3843 1230 3890 les
1242 3845 1337 3892 mutus.
1349 3869 1380 3884 ·-
1392 3844 1455 3892 luter
1468 3845 1569 3894 seriores
1582 3843 1707 3892 historicos
1719 3845 1827 3905 amplum
1839 3845 1874 3893 cle

249 3911 298 3959 sita
307 3910 377 3959 l‘onti
387 3922 516 3960 esciirsum
526 3910 629 3960 historiis
639 3911 849 3960 suisinaenrorunl
864 3911 1003 3961 Ammianus
1017 3912 1166 3962 Marcellinus
1178 3915 1252 3970 illiti.
1269 3915 1320 3963 tet
1336 3914 1464 3976 Procopius
1478 3914 1534 3964 ticli.
1547 3915 1619 3964 Goth.
1637 3918 1679 3974 lv,
1694 3920 1773 3978 νισι).

280 3981 314 4040 (’)
327 3982 396 4030 ilunn
407 3979 521 4042 Stephani
532 3981 611 4030 iocum
625 3980 747 4044 (Ἴστρος,
757 3981 904 4044 Ἆρριανὸςδὶ
915 3979 1024 4044 Ἰστρίαν,
1033 3985 1065 4039 ὡς
1078 3983 1181 4043 'oinium
1196 3983 1267 4041 corn
1277 3999 1332 4046 φησι
1342 3984 1350 4044 )
1362 3997 1410 4034 non
1420 3984 1533 4045 adscripsi
1547 3985 1570 4034 ln
1583 3987 1633 4033 uot.
1643 3985 1673 4034 ad
1689 3998 1713 4046 p.
1729 3989 1784 4044 ³99,
1798 3991 1837 4033 25.

247 4052 253 4071 ·
280 4049 326 4111 (”)
339 4048 414 4099 Mlier
424 4050 482 4098 olim
495 4049 660 4113 ilernirardprs
675 4051 705 4100 ad
722 4051 819 4114 Dionys.
833 4065 857 4111 p.
874 4057 918 4102 ost
933 4055 1066 4101 statuerat:
1087 4073 1099 4096 ι
1112 4056 1157 4116 qui
1172 4053 1284 4112 (Arriani
1307 4055 1410 4116 periplus
1423 4059 1431 4113 l
1442 4057 1569 4116 copiosior
1589 4054 1651 4104 otim
1665 4067 1697 4103 uc
1708 4053 1874 4104 luculentior

247 4119 377 4170 exstabat.
390 4139 413 4180 ν,
433 4120 533 4170 fortasse
551 4122 661 4170 Vossiuns
672 4127 778 4180 mortus,
793 4122 833 4184 oiri
847 4123 871 4171 iu
893 4124 986 4184 pentat.
1002 4123 1032 4172 ad
1053 4121 1172 4184 periplum
1190 4123 1384 4172 Paetino-arriani
1401 4121 1431 4171 dc
1442 4123 1547 4183 genuino
1561 4124 1653 4174 Arriani
1673 4123 1763 4184 scripto
1784 4121 1843 4170 dicit
1861 4145 1868 4174 τ

250 4217 261 4239 κ
276 4195 452 4257 Conrpcndium
468 4207 537 4252 roco,
550 4193 607 4256 quia
621 4207 705 4243 revera
717 4197 756 4244 sit.
768 4196 844 4244 Mulio
857 4195 923 4244 enim
934 4197 1074 4258 locupletior
1089 4193 1134 4241 fuit
1150 4192 1314 4254 inoperimus,
1328 4206 1401 4254 quam
1421 4196 1458 4241 est
1469 4193 1548 4241 lrodie.
1565 4195 1631 4242 Gitat
1647 4205 1677 4241 ax
1689 4205 1718 4242 eo
1731 4193 1784 4240 loca
1797 4205 1872 4254 quar-

247 4264 303 4313 dam
320 4264 460 4314 Eustatlrius
471 4263 495 4312 in
505 4263 681 4313 commentariis
693 4263 724 4313 ad
742 4263 892 4327 Dionysium,
907 4279 963 4327 queo
977 4265 1049 4315 trodio
1060 4267 1140 4313 lamen
1152 4259 1217 4324 apud
1230 4275 1287 4311 curn
1304 4275 1353 4310 nou
1365 4263 1525 4325 reperiuntur.
1545 4261 1613 4312 Unde
1631 4274 1680 4310 aon
1691 4261 1791 4314 dubito.
1806 4263 1871 4322 quin

248 4334 351 4384 multum
363 4333 518 4384 imminutum
527 4333 558 4382 ait
572 4333 689 4394 scriptum
701 4333 768 4383 iilud.
783 4352 795 4376 ν
809 4335 839 4382 lt
853 4347 908 4396 qum
922 4333 987 4394 apud
1000 4334 1152 4384 Eustailrium
1167 4331 1197 4381 dc
1207 4332 1265 4382 iocis
1279 4333 1382 4383 Ponticis
1400 4334 1512 4394 leguntur
1523 4335 1605 4394 aperio
1616 4334 1696 4382 sumta
1708 4335 1765 4381 sunt
1782 4345 1812 4380 er
1827 4333 1872 4380 lll-

246 4407 364 4468 tlryniacis
370 4405 591 4468 arnanirectequo
606 4404 743 4455 Doduciius
754 4404 911 4466 (Deauctoro
920 4418 991 4454 anon.
1005 4403 1087 4466 peripl.
1104 4401 1170 4451 Ponti
1184 4401 1269 4451 iitrrtioi
1281 4400 1320 4463 §³
1333 4403 1342 4463 )
1356 4422 1361 4451 ι
1376 4407 1459 4461 τρια
1469 4401 1541 4451 habel
1552 4401 1707 4464 (Eusialitius
1716 4401 1735 4461 )‚
1745 4403 1826 4448 orrrnla
1838 4415 1871 4449 es

246 4475 378 4525 istiusmodi
388 4477 453 4536 suut,
462 4479 491 4524 ut
499 4475 524 4526 in
536 4475 602 4524 nulio
612 4475 711 4525 fortasse
722 4473 822 4538 periplo,
832 4473 906 4524 sedin
918 4475 1024 4525 liistorlls
1034 4485 1062 4523 ca
1072 4471 1177 4521 scribere
1188 4473 1291 4533 potuerit
1308 4472 1430 4523 Arrianus.
1444 4491 1457 4516 ν
1471 4475 1564 4523 corrtra
1572 4472 1652 4522 denuo
1666 4471 1757 4521 Gallius
1769 4472 1793 4522 iu
1806 4486 1870 4532 'irar-

247 4544 289 4592 tat.
307 4544 336 4592 ad
352 4549 404 4594 trr.
415 4557 440 4607 p.
453 4547 515 4593 vll:
530 4563 542 4586 ο
557 4547 656 4594 Staieni
668 4547 825 4606 argumenta,
840 4543 928 4606 quibus
944 4543 1022 4592 oratio
1033 4542 1099 4604 apud
1111 4543 1239 4593 Animum
1251 4541 1392 4594 detruncata
1406 4547 1431 4592 cl
1450 4543 1576 4592 imminuta
1591 4543 1783 4604 cognoscitur
1801 4544 1871 4592 iliam

246 4625 302 4661 cum
313 4617 440 4672 anonymo
451 4617 476 4662 et
493 4611 616 4662 Marciano
625 4611 810 4674 comparaveris.
823 4632 836 4655 ν
852 4616 882 4661 at
895 4610 1018 4674 quomodo
1032 4609 1148 4673 elrrsmodi
1164 4613 1311 4674 comparatio
1324 4627 1375 4662 rem
1390 4613 1517 4675 probabit?
1528 4616 1592 4662 sanc
1602 4612 1673 4663 trahet
1685 4615 1709 4660 cl
1723 4618 1871 4673 anonymus

246 4686 270 4730 al
282 4674 415 4733 Marcianus
425 4696 480 4745 quc
491 4684 516 4734 in
532 4684 632 4733 Amiano
643 4696 692 4733 non
702 4683 827 4745 leguntur3
841 4682 882 4731 sod
894 4682 958 4731 unde
969 4681 1068 4744 colligas
1077 4682 1130 4730 itoec
1149 4679 1260 4732 debuisse
1276 4683 1348 4730 ctiam
1362 4681 1428 4744 apud
1449 4681 1575 4730 arrianum
1596 4681 1742 4730 nruuorari?
1753 4681 1799 4728 llas
1809 4681 1869 4728 uua·

245 4751 377 4813 plicissima
389 4753 441 4800 lucc
449 4756 484 4800 est
499 4772 505 4801 ι
518 4753 632 4802 Amanus
642 4752 716 4802 hahet
727 4766 783 4815 qum
795 4764 843 4800 noo
856 4750 915 4812 legis
926 4749 991 4813 apud
1002 4750 1149 4800 Marcianum
1162 4751 1284 4812 (trunca
1302 4751 1411 4809 Mutrium,
1425 4752 1518 4808 ltlroen.
1535 4751 1753 4811 circumiacent
1765 4747 1801 4807 ti,
1815 4752 1870 4798 Me-

246 4829 335 4884 troam,
344 4822 505 4884 tyndaridas,
521 4824 698 4887 Nympharum,
720 4825 806 4881 Tium,
827 4822 966 4884 Erythinos,
979 4822 1116 4882 Thymena,
1133 4821 1286 4884 zephyrium,
1310 4825 1416 4871 ijusmen
1428 4824 1451 4882 );
1469 4825 1551 4871 corrtrn
1572 4820 1706 4870 Marcianus
1727 4821 1750 4868 in
1771 4825 1870 4866 scranto

246 4894 378 4954 fragmento
393 4891 484 4954 probet
495 4905 550 4954 quc
561 4907 609 4943 non
621 4893 714 4943 notavit
727 4893 858 4955 anunnr(
869 4894 947 4950 Diam.
958 4891 1089 4952 Psiiiidem,
1100 4891 1216 4947 Climaoa.
1226 4892 1380 4952 Tiuroialum,
1391 4892 1547 4950 callistralln,
1556 4893 1665 4949 Gartnm,
1680 4891 1816 4940 littarcluuu
1828 4887 1869 4949 ll„

244 4963 357 5011 Zalacum
375 4961 410 5024 tl,
422 4963 550 5024 Lycastum
563 4962 598 5023 tl..
617 4969 641 5012 ct
651 4962 792 5012 ciradisium
805 4961 863 5026 d.);
877 4968 1018 5023 trionymus
1033 4974 1090 5011 varo
1100 4966 1125 5011 ct
1141 4959 1286 5010 Marcianum
1298 4964 1319 5010 el
1336 4961 1461 5010 arrianum
1478 4961 1502 5010 in
1514 4973 1588 5010 unum
1606 4959 1713 5010 coritiana
1726 4959 1799 5007 lubet
1811 4972 1870 5018 qum

245 5033 308 5093 apud
323 5035 453 5094 utrumque
470 5032 581 5095 leguntur
598 5033 693 5093 omnia,
708 5034 784 5096 iisque
797 5031 881 5084 desim
897 5045 960 5094 penu
978 5045 1053 5082 unum
1070 5031 1260 5082 Guntrlraudunt
1273 5033 1353 5082 iocum
1369 5031 1462 5081 addidit
1474 5033 1482 5092 t
1492 5031 1546 5080 l'id.
1566 5031 1646 5080 tabula
1657 5029 1783 5079 Stadiasmi
1797 5029 1871 5078 lurntt

245 5103 351 5161 Etrxini).
365 5107 476 5154 ceteram
488 5103 558 5152 Gellii
568 5103 599 5153 de
609 5103 708 5154 arriano
719 5103 906 5168 disputationem
918 5102 977 5152 rnirc
988 5105 1113 5153 contusam
1126 5103 1241 5164 niliugerc
1252 5113 1299 5150 nou
1317 5107 1369 5150 esai
1382 5113 1462 5163 operm
1475 5100 1587 5162 pretium.
1604 5126 1631 5140 -
1646 5099 1669 5149 Si
1681 5097 1739 5160 quid
1750 5097 1773 5144 in
1783 5098 1869 5146 Arria-

245 5176 269 5220 ni
285 5174 364 5223 libello
384 5178 524 5224 truncatum
536 5177 587 5232 esi.
603 5173 693 5223 «literis
704 5173 798 5223 initiunt
811 5178 835 5224 cl
850 5175 922 5223 ductu
938 5173 1045 5235 epistola·
1063 5174 1093 5222 aii
1113 5173 1142 5221 iis
1158 5175 1198 5235 qtri
1216 5173 1239 5220 in
1252 5172 1408 5234 geographica
1422 5172 1538 5236 opuscula
1549 5183 1603 5218 eam
1616 5168 1871 5229 mauritanensium

245 5257 308 5302 esse,
320 5246 422 5305 utpotca
435 5245 558 5307 proposito
569 5246 653 5294 aliena.
665 5246 779 5295 Fortassis
790 5247 861 5296 ctiam
870 5243 1015 5294 uocabulum
1028 5245 1123 5308 aliquod
1134 5245 1173 5292 tric
1183 5243 1231 5292 illle
1242 5245 1265 5292 in
1276 5243 1367 5292 Arriani
1375 5242 1457 5294 codice
1468 5246 1549 5292 nostro
1561 5241 1649 5290 excidit
1660 5239 1724 5303 qrtod
1736 5241 1871 5290 ueras-erit

243 5317 330 5364 crucior
341 5327 483 5376 siluupuus.
