3950 5925
492 436 791 496 ruotuoounur.
814 437 864 497 DE
888 438 1042 499 tstaotto
1064 436 1308 499 CHARACENO.
1607 458 1703 500 srrxr

96 564 184 621 Porro
196 563 304 621 visast
316 563 459 636 dubium,
474 566 545 642 quin
559 564 705 625 Lucianus
717 585 753 625 ex
766 566 879 625 Isidoro
924 575 967 624 nis
980 588 1018 625 ee
1029 567 1096 625 urbe
1111 575 1193 643 regia
1204 572 1325 637 Durine,
1341 590 1405 645 qua
1415 581 1471 627 tum
1481 576 1600 638 interiit,
1619 576 1706 629 daia·

94 680 150 717 non
160 660 249 719 modo
268 662 444 719 Artaxerxis
463 674 492 719 et
505 661 603 720 Goaesi
619 664 808 738 mentionem,
828 662 879 721 sed
923 670 982 731 ctis,
996 667 1166 739 militumque
1174 664 1316 724 inutilitas
1329 666 1370 721 idi
1376 668 1489 733 relictis,
1502 668 1707 723 Alexandriam

10 818 11 821 Ἴ
92 772 124 809 ea
138 774 258 831 quoque
272 755 410 831 petiverit
425 774 490 832 quae
500 744 601 813 eodem
616 756 681 814 looo
694 756 831 833 leguntur
843 756 880 815 de
923 764 1066 835 appellari
1078 768 1217 832 jusserat,
1240 781 1402 837 pagumque
1419 764 1555 819 Pelloenm
1575 782 1595 817 a
1609 770 1707 837 patria

91 848 255 906 Sinatrocle
269 862 298 907 et
315 848 455 921 hlaseire,
473 849 648 909 Parthorum
659 852 787 927 regibus,
805 864 834 909 et
843 852 880 911 de
922 875 989 923 sita,
1011 875 1092 930 quem
1105 861 1218 930 proprie
1232 858 1419 913 Macedonum
1435 855 1560 927 fecerat.
1576 860 1706 913 Flamina

91 944 233 1003 Characis
246 943 292 1002 nai
305 948 358 1003 τῶν
378 946 436 1003 κατ’
450 944 577 1025 Ἐρυθρὰν
595 944 682 1004 τόπων
698 946 816 1021 regulis,
829 946 879 1005 lli·
925 954 957 1005 id
971 952 1104 1025 oppidum
1123 968 1329 1025 eapitignavere
1352 953 1454 1006 Postea
1473 956 1591 1007 restituit
1604 955 1707 1008 Antio·

90 1041 224 1116 spasine,
239 1040 338 1099 'l'iraeo
352 1054 381 1099 et
396 1041 548 1099 Artabazo.
562 1042 634 1111 Quae
648 1042 766 1119 quidem
780 1044 879 1101 omnia
923 1047 992 1101 cias
1006 1051 1116 1119 qiiinaa
1126 1065 1222 1121 regam
1245 1060 1273 1101 et
1293 1066 1343 1101 ,rao
1363 1052 1474 1104 naariae
1488 1049 1643 1119 appellarit
1655 1053 1706 1101 ite-

90 1135 124 1191 ad
139 1135 283 1195 Parthica
293 1137 530 1197 commodissime
541 1138 714 1197 referuntur.
727 1172 761 1185 -·-
770 1142 879 1197 Plinius
923 1162 1037 1217 raraque
1047 1140 1209 1213 infestatam
1222 1145 1340 1197 Pasines
1353 1144 1640 1219 Snggodanacijilirs
1654 1162 1706 1197 rea

90 1232 120 1289 in
136 1232 220 1291 libro
231 1235 330 1311 primo
345 1233 492 1293 Isidorum
512 1248 643 1293 recenset
659 1236 736 1294 inter
748 1248 879 1295 auctores
919 1238 1106 1311 finitimorum
1113 1239 1339 1311 Ambam,qacm
1346 1238 1706 1310 labasaaopamAntioclri

89 1328 252 1405 exquibus
271 1328 363 1387 libros
378 1329 420 1401 ll,
440 1328 499 1401 lll,
516 1328 562 1402 lv,
576 1329 611 1400 V,
626 1328 663 1386 Vl
678 1330 837 1407 collegerit,
851 1343 880 1389 et
915 1332 1011 1404 fnisse
1023 1332 1107 1404 salso
1121 1335 1221 1403 anelii,
1243 1338 1375 1407 oppositis
1395 1334 1513 1387 malibus
1530 1339 1647 1388 restituit
1659 1353 1707 1389 no·

89 1422 191 1481 decem
210 1424 273 1483 lere
282 1424 356 1483 locis
367 1424 509 1484 librorum
521 1425 561 1495 ll,
576 1423 623 1497 lV,
636 1424 802 1483 idiserram
816 1424 880 1503 eJ‘us
924 1448 1041 1503 rnenque
1055 1448 1133 1483 suum
1151 1430 1243 1497 dedit,
1262 1436 1382 1485 enranito
1396 1434 1450 1484 situ
1466 1435 1553 1500 jueta
1576 1436 1604 1483 in
1619 1434 1708 1503 longi·

90 1520 391 1597 mentioneminjicit;
404 1521 879 1581 Charaoenunrrocatinauetorum
925 1526 1046 1579 tudinem
1063 1528 1120 1580 lll
1136 1528 1196 1581 mil.
1212 1546 1256 1599 p.,
1279 1530 1308 1579 in
1332 1528 1508 1580 latitudinem
1531 1528 1632 1599 paullo
1656 1532 1707 1580 mi·

89 1616 226 1674 indiculo
242 1616 317 1675 libri
336 1616 473 1687 secundi,
487 1616 590 1675 ceteris
604 1617 690 1687 locis,
709 1616 797 1675 missa
813 1631 880 1675 nota
924 1640 985 1675 nas.
1002 1622 1084 1675 Priru
1092 1620 1187 1692 faita
1200 1623 1278 1677 litore
1298 1623 1392 1675 stadia
1417 1623 1453 1675 Χ
1467 1627 1638 1676 maritimam
1657 1618 1706 1698 ζ’),

89 1713 206 1787 patriae,
218 1712 396 1790 simpliciter
411 1712 556 1771 isidorum
569 1712 667 1770 iaudat
678 1732 736 1771 una
750 1732 814 1771 cum
828 1716 880 1770 dr·
924 1718 1009 1769 etiam
1028 1717 1176 1789 Vipsanda
1187 1720 1309 1789 porticus
1333 1715 1420 1770 nabet
1449 1715 1502 1789 (at
1517 1717 1708 1791 larnipsanda

90 1808 256 1879 temidoro‚
274 1808 607 1885 Eratosthened’ythea,
617 1809 692 1867 aliis.
710 1807 880 1884 Fragmenta
924 1808 1076 1862 Parthicas
1094 1808 1224 1883 habeti),
1240 1810 1316 1863 laba
1336 1826 1402 1863 reio
1417 1810 1564 1883 prodente,
1586 1811 1644 1864 LM
1653 1830 1685 1883 p.
1695 1830 1707 1877 ,·

89 1906 193 1961 onmia
208 1904 359 1981 pertinent
372 1906 408 1963 ad
421 1922 570 1963 mensuras
591 1903 672 1961 orbis
690 1916 831 1963 terrarum
852 1918 882 1963 et
924 1922 998 1957 rrunc
1022 1905 1120 1959 adesse
1149 1924 1169 1958 a
1194 1908 1274 1959 litore
1296 1904 1379 1960 CXX
1405 1906 1449 1961 M.
1475 1908 1563 1976 iegati
1582 1904 1708 1959 Aradum

89 2000 280 2074 singularum
292 2002 455 2076 regionum.
469 1999 552 2058 Unde
562 2012 639 2078 patet
648 2000 737 2077 petita
747 2000 808 2057 haec
819 2018 881 2059 esse
924 2005 1062 2073 nostrique
1068 2005 1263 2072 responderes,
1270 2005 1318 2073 qui
1326 2002 1391 2054 inde
1396 2012 1537 2064 venerant,
1549 2000 1708 2074 affirmant.

88 2112 123 2151 ex
143 2095 351 2172 descriptione
365 2098 455 2154 totius
476 2095 573 2171 orbis,
588 2096 702 2171 qualem
717 2094 880 2154 Eratostbe·
925 2096 986 2149 Nec
1007 2098 1068 2149 aila
1084 2108 1169 2169 parte
1178 2098 1245 2169 plns
1258 2108 1310 2150 ant
1327 2098 1442 2150 celerias
1459 2094 1607 2169 profecere
1627 2111 1709 2151 terra

89 2204 180 2249 treset
188 2191 607 2251 Artemidoruscondiderunt.
617 2191 695 2250 idem
704 2192 881 2269 opusinnuit
917 2190 1085 2261 flantint'btts
1095 2196 1211 2245 invectat
1222 2197 1311 2257 marl3
1325 2193 1359 2246 id
1368 2197 1468 2247 mirum
1480 2206 1535 2259 est,
1548 2204 1618 2247 astri
1629 2195 1710 2265 longe

90 2290 265 2343 Marcianus
273 2290 469 2344 Heracleensis
477 2287 507 2345 in
517 2288 664 2365 prooemio
674 2288 782 2365 peripli
792 2288 881 2347 maris
927 2289 1002 2341 altra
1011 2288 1042 2341 id
1050 2289 1200 2342 accedente
1210 2306 1265 2343 non
1276 2306 1432 2361 percussas.
1449 2292 1511 2343 Hoc
1524 2294 1552 2342 in
1562 2292 1621 2344 loco
1632 2294 1709 2360 inge·

89 2382 215 2454 interni,
228 2382 283 2440 ubi
296 2384 373 2441 inter
383 2384 483 2441 varios
496 2382 631 2461 peripldn
648 2396 676 2441 et
692 2384 881 2462 geographia·
926 2388 1015 2435 nitum
1036 2400 1095 2437 csse
1110 2384 1270 2449 Dionysiam
1294 2380 1370 2459 (leg.
1387 2384 1525 2438 Isidorum
1541 2383 1549 2453 )
1574 2395 1708 2438 terraram

89 2498 157 2536 runs
171 2480 335 2557 scriptores
344 2480 432 2539 etiam
440 2478 585 2538 isidorum
598 2478 795 2538 Characenum
806 2500 881 2541 com·
925 2479 1076 2533 orbissitas
1094 2483 1307 2533 recentissimam
1322 2491 1474 2545 auctorem,
1492 2497 1573 2552 quem
1585 2481 1627 2532 ad
1638 2498 1710 2533 com·

90 2589 250 2635 memorat.
927 2576 1083 2630 mentando
1110 2580 1207 2629 omnia
1236 2580 1268 2629 in
1289 2580 1423 2629 orientem
1447 2579 1618 2648 proerrriscrit
1636 2576 1712 2629 diros

137 2680 207 2738 rai.
227 2670 281 2730 tiis
295 2672 466 2748 praemissis,
480 2673 593 2747 singola
607 2692 786 2751 exponamus
797 2693 881 2732 accu-
928 2676 1083 2742 Attgastas.
1100 2675 1172 2725 itam
1189 2672 1231 2724 ad
1241 2673 1402 2724 Armeniam
1422 2671 1463 2723 ad
1475 2668 1623 2723 Parthicas
1633 2672 1710 2723 Arn-

90 2765 199 2823 ratius.
217 2766 261 2822 nc
275 2767 403 2841 primum
422 2767 540 2843 quidem
555 2770 650 2844 patria
671 2768 779 2826 lsidori
803 2788 881 2845 qua·
927 2770 1055 2841 dicasque
1062 2784 1106 2821 res
1119 2772 1227 2836 majore
1232 2767 1308 2835 filio,
1324 2784 1379 2819 non
1389 2783 1434 2819 me
1439 2771 1572 2839 praeterit,
1591 2783 1642 2818 nec
1650 2782 1710 2818 sam

91 2878 162 2915 nam
175 2859 294 2917 Charax
310 2860 397 2919 fuerit
414 2880 537 2938 quaeras.
551 2862 621 2919 Nam
644 2876 677 2921 ut
691 2864 763 2922 alias
773 2868 881 2923 mittam
926 2864 1029 2916 oblitas
1038 2864 1082 2915 sai
1091 2879 1227 2933 quemque
1238 2865 1304 2915 sitas
1314 2861 1560 2933 diligentissimam
1572 2871 1711 2913 nectorem

91 2955 240 3015 Charaoes
253 2958 354 3028 urbes,
370 2958 402 3016 in
418 2959 482 3036 ipso
498 2958 672 3018 Parthorum
688 2962 814 3038 imperio
829 2963 881 3020 ha·
928 2965 1019 3014 visam
1034 2958 1111 3012 nobis
1122 2963 1150 3012 in
1164 2963 1277 3012 introita
1287 2956 1369 3028 iujos
1382 2962 1489 3031 operis,·
1507 2963 1535 3010 in
1547 2956 1604 3010 lrac
1617 2969 1711 3011 tamen

90 3050 147 3108 bes
158 3050 318 3110 Characem
331 3052 434 3110 Mediae
452 3052 605 3128 Rhagianae
620 3061 659 3128 (v.
676 3054 767 3114 hians.
784 3055 881 3116 Parth,
921 3067 1007 3128 [taric
1024 3073 1107 3110 arma
1125 3056 1254 3110 llorrtana
1266 3059 1346 3128 sequi
1356 3056 1452 3129 placet
1464 3055 1542 3110 nobis
1554 3051 1713 3128 ludamque

92 3147 192 3222 §7p.
212 3146 292 3222 251)
313 3160 341 3204 et
352 3147 507 3205 Characem
528 3147 605 3206 Sidae
623 3149 655 3205 in
676 3149 883 3226 Mesopotamia
928 3165 1023 3221 regem
1037 3152 1079 3204 ad
1097 3151 1215 3205 eandm
1238 3151 1337 3204 Gaiam
1354 3151 1498 3204 Caesarem
1515 3153 1624 3222 scriptis
1637 3151 1712 3204 solu·

94 3245 150 3316 (r.
168 3241 264 3299 bians.
282 3241 317 3300 P.
331 3243 348 3317 S
364 3263 375 3298 1
397 3263 426 3318 p.
445 3241 523 3320 245)
549 3256 577 3300 et
591 3243 746 3301 Characem
767 3245 883 3322 Spasini
929 3246 1050 3299 minibus
1060 3246 1095 3299 de
1105 3246 1205 3299 eadem
1221 3246 1400 3317 expeditione
1411 3246 1543 3299 Arabica.

93 3338 128 3392 in
145 3335 271 3393 Susiana
292 3336 369 3393 inter
390 3335 539 3412 Tigridem
562 3336 684 3396 fluvium
707 3351 736 3396 et
755 3339 882 3396 Eulaeum
973 3339 1041 3396 125.
1055 3335 1712 3412 ilaecPlinius3inquibusDionysiameara·

96 3433 163 3490 sita.
186 3431 280 3500 Quam
305 3445 453 3509 postremo
474 3433 538 3490 loco
554 3433 655 3510 posui,
671 3447 703 3490 ut
723 3434 826 3491 ceteris
841 3447 884 3492 est
929 3450 1032 3490 cenum
1055 3450 1208 3509 perperam
1234 3451 1287 3508 pro
1306 3433 1415 3487 isidoro
1432 3429 1508 3504 legi,
1534 3431 1711 3501 rectissime,

98 3527 186 3600 longe
203 3525 347 3597 nobilior,
371 3527 414 3583 sic
432 3527 518 3583 etiam
539 3526 636 3585 Nostri
659 3528 748 3585 fuisse
761 3529 883 3604 patriam
929 3527 1049 3604 opinor,
1069 3527 1234 3604 suspicatus
1249 3540 1294 3585 est
1314 3526 1520 3602 bernhardyus
1533 3525 1570 3583 ad
1588 3525 1711 3603 Dionys.

98 3641 272 3698 persuasum
299 3635 350 3682 est.
379 3621 457 3679 Facit
471 3622 528 3680 buc
549 3623 627 3698 quod
652 3622 797 3680 Lucianus
818 3623 838 3681 Ι.
862 3624 882 3681 Ι.
929 3621 1092 3699 Per·ieg.'p.
1120 3631 1189 3696 497.
1214 3620 1286 3678 Nam
1301 3620 1461 3691 Isidorum,
1479 3640 1537 3677 non
1552 3621 1714 3678 veroliio-

99 3716 177 3772 inter
196 3734 329 3792 ea,quae
351 3735 388 3772 ex
411 3715 525 3774 lsidoro
548 3717 715 3774 Characeno
740 3730 885 3776 marturius
930 3719 1065 3795 nysium,
1093 3720 1124 3775 in
1145 3719 1250 3795 primis
1269 3717 1367 3795 operis
1391 3716 1592 3774 voluminibus
1606 3716 1642 3774 de
1656 3717 1713 3774 situ

99 3831 164 3870 esse
185 3811 274 3870 nobis
297 3811 423 3884 videtur,
451 3825 509 3870 tres
525 3812 641 3887 regulos
662 3811 798 3870 Characis
815 3811 885 3889 Spa·
930 3827 1075 3886 terrarum
1099 3815 1215 3872 Plinius
1238 3833 1372 3871 unacum
1392 3813 1586 3871 nobilissimis
1598 3831 1715 3887 geogra-

101 3909 159 3966 sini
183 3919 335 3966 memorat.
359 3905 416 3964 Sed
442 3906 534 3964 multo
563 3907 656 3981 magis
677 3925 713 3964 eo
743 3907 887 3984 pertinere
931 3909 998 3987 phis
1030 3910 1149 3967 laudare
1175 3910 1262 3979 solet,
1286 3908 1373 3984 hujus
1396 3909 1486 3982 igitur
1518 3908 1659 3964 memoria
1683 3909 1713 3964 in

101 4022 207 4060 censeo
229 4001 325 4059 locum
347 4001 517 4076 Pliniiivt,
535 4001 582 4073 31,
607 4003 694 4078 5138
708 4008 729 4072 ),
745 4021 830 4078 quem
852 4003 887 4060 de
932 4004 1073 4062 Characis
1092 4003 1240 4060 mentione
1261 4003 1428 4060 renovanda
1441 4013 1513 4059 erat.
1530 4001 1716 4069 Quoaccedit

101 4099 231 4155 Charace
250 4095 324 4154 urbe
341 4109 370 4154 et
385 4097 420 4155 de
439 4097 515 4174 ipso,
528 4109 561 4155 ut
574 4110 657 4175 puto,
672 4095 785 4154 lsitloro
800 4096 886 4155 babe-
932 4099 1011 4176 quod
1026 4101 1057 4156 in
1072 4113 1223 4156 auctorum
1247 4098 1317 4156 libri
1332 4100 1405 4156 sexti
1418 4097 1550 4155 indiculo
1570 4097 1715 4168 Isidorus,

102 4213 169 4252 mus
178 4192 313 4250 omnium
328 4191 564 4249 disertissimum.
576 4190 601 4248 T
602 4203 681 4250 otum
691 4191 774 4248 liceat
782 4191 888 4250 adscri-
933 4194 1278 4270 nullusreroDionysius
1289 4206 1475 4251 memoratur.
1489 4192 1634 4249 laudatur
1648 4211 1717 4247 sano

102 4290 184 4348 bere.
200 4289 321 4345 Clarae
330 4291 475 4362 oppidum,
491 4288 718 4363 inquit,·l'ersici
732 4295 808 4344 sinas
819 4295 889 4346 inta·
933 4289 1096 4365 Dionysius
1120 4289 1238 4365 (pridem
1254 4309 1312 4347 una
1335 4309 1400 4347 curn
1426 4287 1543 4366 Ephoro
1557 4288 1594 4344 de
1618 4287 1716 4363 prisco

102 4407 178 4443 mrim
184 4431 195 4460 ,
208 4405 294 4460 aquo
303 4387 411 4441 Arabia
422 4387 576 4440 Eudaemon
587 4391 780 4459 cognominata
789 4405 888 4440 encar-
933 4389 1051 4442 norrrine
1077 4383 1195 4443 Euboete
1218 4385 1268 4442 lib.
1283 4385 1332 4457 iv,
1353 4405 1410 4442 ar:
1435 4390 1526 4440 Antea
1544 4391 1663 4438 vocitata
1676 4398 1718 4437 cst

102 4490 151 4550 rit,
164 4481 314 4538 habitatur
324 4488 354 4537 in
368 4483 440 4536 colle
453 4479 631 4550 manufacto
647 4487 720 4536 inter
729 4481 889 4552 confluentis
934 4483 1109 4540 Chalcodotis
1118 4496 1168 4538 aut
1176 4485 1282 4539 Macris
1291 4481 1394 4558 (**),ut
1402 4483 1581 4554 Dionysiuset
1589 4480 1716 4555 Ephorus

101 4585 201 4636 dextre
212 4581 335 4654 Tigrim,
348 4580 421 4651 loera
431 4579 571 4647 Euloeam,
582 4580 638 4632 III
645 4579 703 4635 mil.
712 4598 743 4651 p.
756 4579 886 4634 laenitate.
933 4581 1062 4643 tradant,·
1078 4590 1107 4633 et
1125 4577 1162 4634 de
1173 4577 1216 4634 Co
1225 4578 1322 4635 insula
1341 4577 1391 4636 lib.
1406 4576 1442 4647 V,
1457 4577 1494 4633 36
1510 4599 1517 4632 ε
1534 4579 1595 4644 Cos,
1613 4589 1645 4632 ut
1654 4581 1717 4650 pla·

103 4680 253 4733 Ccaditum
265 4687 308 4731 ert
316 4679 439 4748 primam
450 4675 487 4729 ab
499 4675 665 4729 Alexandro
677 4675 786 4746 Magno
788 4693 799 4740 ,-
814 4675 887 4728 colo-
933 4693 977 4728 res·
988 4678 1162 4749 existimant,
1174 4677 1290 4748 Merope
1299 4686 1403 4741 vocata
1424 4675 1494 4742 Cea,
1505 4687 1535 4728 at
1548 4673 1716 4746 Staphylus,

131 4881 165 4940 (*)
185 4880 277 4928 Etiam
295 4874 431 4939 Utspandn
442 4874 512 4924 oodd.
528 4875 581 4926 Pii
592 4875 690 4937 sutiam
701 4877 782 4924 etiarn
792 4873 923 4938 lapsando
937 4873 1032 4925 mdices
1045 4875 1157 4936 Barbam
1171 4877 1263 4938 etjam
1285 4873 1420 4938 Vipsanda
1434 4878 1549 4938 porticos
1558 4873 1638 4923 natet
1651 4871 1718 4921 dedit

101 4951 219 5010 stitigios,
231 4949 343 4996 oewnm
357 4944 388 4995 do
398 4947 452 4996 ioco
463 4949 576 5008 conupto
590 4945 649 4994 nihii
663 4945 803 5006 dijudicans.
819 4945 957 5008 aequiritur
973 4959 1062 4998 nomen
1073 4945 1186 4996 anomia.
1202 4946 1321 5003 Querela
1333 4948 1452 5008 porticus
1470 4945 1554 4994 latebit
1567 4941 1717 4992 Parthicas.

103 5019 244 5070 Procedens
258 5031 346 5066 noman
360 5017 474 5078 inceperit
493 5031 508 5065 a
527 5016 600 5065 literis
613 5019 667 5065 iam
680 5016 718 5064 rei
733 5019 787 5076 ian,
800 5029 876 5078 quum
888 5017 970 5065 crebra
982 5017 1031 5065 sint
1045 5014 1162 5076 eiusmodi
1174 5016 1273 5064 nomina
1286 5015 1350 5077 apud
1364 5015 1495 5075 Asiaticam
1510 5014 1557 5066 nisi
1571 5012 1631 5062 iorte
1645 5017 1697 5061 erat
1712 5033 1717 5061 ι

101 5091 268 5138 maritimam
280 5089 364 5136 etiam
373 5089 404 5136 at
416 5085 523 5135 Psanda
532 5087 540 5148 i
548 5085 603 5134 rei:
619 5083 670 5149 [ut]
684 5083 813 5146 ipsanio)
829 5085 911 5146 hahet,
921 5087 1008 5135 cotiato
1016 5085 1114 5136 nomino
1129 5085 1269 5135 ctranoeno
1280 5089 1445 5148 dispariata,
1455 5087 1588 5146 spastnes,
1601 5085 1718 5132 Pastnes.

101 5159 246 5220 scriptorem
258 5157 541 5208 Parthicumnemireris.
549 5155 744 5217 meminensque
752 5155 882 5217 deityrode
890 5154 1370 5217 Partiriooetlrtrrasdenrmeniopmdit
1379 5154 1669 5205 Piourchosincrsssoc.
1678 5155 1719 5202 ³³.

132 5227 176 5288 i'*)
187 5229 223 5276 Do
236 5239 266 5277 eo
275 5225 364 5274 insuia
374 5223 472 5274 nomino
481 5225 605 5273 Macrones
622 5223 733 5273 Ponhcos
745 5237 831 5273 nomen
844 5225 932 5275 habere
943 5225 1070 5287 Dionysius
1084 5223 1176 5273 statuit.
1187 5225 1218 5271 V.
1228 5225 1310 5274 schot.
1324 5223 1400 5286 tpolt.
1414 5223 1460 5272 aa.
1478 5225 1499 5284 l,
1512 5226 1585 5274 toti:
1600 5221 1720 5280 Διονόσιος

103 5297 149 5346 tit
161 5297 287 5351 Kaintdtirc
297 5295 405 5359 εἰρῆσθαί
416 5311 484 5358 φησιν
498 5295 581 5352 αὐτοὺς
591 5295 728 5358 Μάκρωνας,
739 5295 818 5352 ἐπειδὴ
828 5296 935 5346 tiridates
944 5298 989 5346 tini
1007 5295 1131 5359 Μάκρωνες
1140 5295 1243 5346 daorsis.

205 5382 291 5430 emon.
304 5396 319 5430 r.
1582 5405 1604 5460 s
