3950 5925
230 436 355 485 cratin
646 457 650 463 ·
893 416 1195 479 ettoteuotturtt.

233 536 337 612 mirum
351 550 541 610 barbarorum
557 570 695 629 oppressa
706 554 823 628 eratlc.
836 552 892 619 361,
908 550 1014 629 p.C.).
1061 546 1201 603 rationem
1223 542 1421 603 Constantiam
1444 541 1550 599 dictam
1574 560 1634 600 esse
1656 555 1776 601 constat.
1808 574 1849 586 —

232 649 391 707 Ptolemais
404 666 473 706 vero
486 647 620 723 quamvis
630 646 723 707 adbuc
738 659 813 704 esset
822 645 896 712 πόλις
904 645 1015 722 μεγίστη
1060 642 1209 711 Quatenus
1225 642 1364 716 igiturex
1380 640 1564 697 tenuioribus
1579 640 1696 697 indiciis
1710 639 1849 717 probabi·

235 747 263 821 (s
278 743 339 824 55),
361 756 477 822 portum
500 755 595 800 umen
624 742 687 818 Jam
713 741 850 802 obrutum
878 742 1016 800 babuisse
1061 738 1128 795 liter
1142 738 1254 815 aliquid
1270 736 1369 811 colligi
1388 748 1493 814 potest,
1504 736 1611 813 peripli
1627 749 1736 813 partem
1751 739 1849 794 nauti-

233 838 330 909 dcbet,
352 856 442 914 quum
468 835 542 894 nihil
561 836 598 893 de
616 836 683 894 loco
700 848 801 895 auctor
817 849 934 895 moneat
958 835 1014 894 nisi
1060 850 1122 891 cam
1142 851 1208 889 eum
1231 850 1291 889 orae
1306 830 1459 888 maritimae
1477 842 1599 900 statum,
1617 834 1668 906 qui
1690 844 1753 887 erat
1771 832 1848 889 inter

234 934 295 990 lraec
308 954 315 989 :
330 929 455 996 ἱπίσαλός
475 932 545 989 ἐστιν
568 928 688 1001 badam,
714 930 859 1010 ἀσφαλίζου
875 950 883 990 :
900 931 971 988 adeo
983 944 1017 989 ut
1061 948 1151 1004 regna
1164 928 1265 987 Severi
1279 941 1308 985 et
1322 927 1520 998 Constantini,
1534 927 1657 1004 prodere
1673 938 1701 985 et
1716 947 1753 985 ex
1768 928 1847 985 libro

233 1025 418 1101 cogitandum
427 1026 464 1083 sit
473 1024 510 1082 de
521 1037 654 1101 tempore
664 1024 739 1082 inter
751 1026 900 1083 florentem
912 1024 1014 1083 urbem
1060 1024 1136 1081 inter
1149 1043 1240 1082 annos
1252 1024 1390 1081 abo-300
1400 1044 1429 1101 p.
1442 1022 1476 1083 C.
1491 1024 1600 1099 scripto
1614 1024 1772 1081 desumtam
1782 1042 1848 1081 esse

231 1134 260 1177 et
273 1141 289 1177 a
302 1119 470 1179 lastiniano
479 1132 668 1177 restauratam
681 1118 786 1178 medio.
799 1118 880 1175 ldem
892 1119 970 1177 cadit
983 1120 1015 1178 in
1061 1138 1175 1179 censeo.
1197 1121 1338 1179 Nauticdn
1353 1118 1499 1178 auctorem
1511 1120 1689 1195 antiquiores
1698 1118 1759 1197 περὶ
1770 1118 1847 1192 λιμέ-

231 1216 407 1285 berenicen,
432 1213 515 1291 cujus
531 1227 637 1292 portus
655 1213 743 1271 hodie
760 1216 890 1292 parvulis
904 1227 1014 1274 tantum
1059 1238 1111 1273 νων
1124 1215 1216 1274 libros
1230 1218 1356 1287 Cleonis,
1376 1214 1585 1287 Timosthenis,
1598 1214 1755 1290 Timageti,
1770 1214 1846 1271 Cra-

232 1311 359 1385 narigiis
380 1322 468 1387 patet,
490 1308 588 1366 Nostri
610 1320 704 1365 autern
718 1321 800 1366 aetate
824 1308 908 1386 pejus
927 1311 1014 1367 etiam
1059 1311 1137 1381 tetis,
1162 1310 1286 1369 aliorum
1308 1312 1337 1368 in
1360 1330 1431 1369 usus
1450 1328 1518 1369 suos
1535 1310 1713 1368 convertisse
1730 1328 1847 1367 sumere

231 1406 368 1464 babuisse
379 1406 510 1476 videtur3
527 1424 593 1463 nam
613 1405 765 1481 signantur
775 1406 893 1481 quidem
912 1404 1016 1465 brevia
1060 1407 1137 1464 licet.
1150 1406 1331 1483 Quamquam
1345 1408 1381 1465 de
1394 1408 1442 1465 his
1456 1426 1515 1465 non
1528 1407 1620 1481 magis
1630 1418 1740 1463 constat
1755 1424 1844 1483 quant

229 1503 314 1579 juxta
341 1502 500 1560 Berenicen
522 1502 651 1559 cavenda
675 1516 704 1559 et
730 1501 962 1579 promontorium
978 1484 1014 1560 ad
1060 1500 1096 1557 de
1124 1500 1304 1578 temporibus
1331 1501 1440 1578 quibus
1466 1513 1564 1559 noster
1587 1500 1719 1578 periplus
1745 1501 1846 1557 seculo

230 1598 309 1674 qnod
323 1618 410 1656 nares
421 1598 554 1655 sistendae
571 1600 641 1671 sint,
663 1598 699 1655 de
713 1610 798 1676 portu
811 1610 904 1668 autem
925 1598 1014 1655 altum
1059 1610 1164 1673 quarto
1176 1598 1220 1655 vel
1237 1598 1340 1674 quinto
1354 1598 1399 1655 vel
1410 1597 1505 1655 serius
1522 1616 1538 1653 c
1552 1596 1655 1666 variis,
1672 1614 1745 1672 quos
1760 1595 1842 1652 indi-

230 1692 389 1749 silentium.
410 1692 543 1768 Denique
566 1691 779 1749 animadvertas
798 1692 830 1750 in
846 1692 941 1767 Syrtis
960 1711 1015 1749 ora
1060 1694 1199 1767 cavimus,
1217 1691 1345 1749 sontibus
1356 1692 1484 1768 priunum
1499 1691 1726 1763 consarcinatus,
1737 1689 1846 1749 deinde

231 1784 355 1863 liperuin
375 1786 434 1844 dici
455 1790 601 1842 castellnm
623 1788 833 1862 barbaroramls
847 1786 909 1861 86),
934 1788 1013 1863 quod
1059 1788 1143 1845 vario
1159 1790 1247 1846 modo
1258 1800 1286 1845 et
1298 1802 1398 1847 auctus
1408 1802 1436 1847 et
1447 1802 1595 1846 truncatus
1607 1790 1654 1846 sit.

231 1882 287 1937 nisi
299 1880 414 1938 labante
427 1880 487 1957 jam
509 1881 540 1937 in
553 1879 654 1938 Africa
670 1880 866 1938 Romanorum
884 1882 1015 1957 potentia
1100 1904 1170 1944 ara.
1189 1883 1401 1943 Enumerandis
1411 1885 1492 1942 vitiis
1506 1884 1614 1960 quibus
1633 1883 1708 1942 liber
1720 1885 1846 1943 loedatur

230 1976 326 2033 locum
338 1976 445 2034 babere
457 1977 507 2033 vix
523 1976 629 2054 potnit.
1059 1980 1223 2038 innumeris
1231 2000 1289 2037 non
1299 1980 1451 2039 immoror.
1463 1979 1573 2037 Paneas
1581 1980 1701 2057 paginas
1709 1980 1844 2037 lustranti

269 2093 302 2129 ar
313 2094 338 2130 ι.
358 2071 551 2132 Transeamus
572 2074 602 2128 in
616 2072 757 2151 Cyprum.
777 2072 955 2135 Memor-atur
969 2073 1012 2134 ibi
1059 2072 1174 2131 abunde
1188 2075 1294 2150 cuique
1308 2094 1354 2132 res
1364 2073 1484 2151 patebit.
1500 2074 1611 2131 Sortem
1623 2073 1696 2131 lianc
1708 2074 1843 2150 iniquam

230 2171 256 2250 (S
269 2170 335 2248 tor.)
354 2171 429 2237 nolti<
451 2170 546 2249 ἔρημος
574 2168 761 2247 Ἀμμόχωστος
783 2171 928 2248 λεγομένη,
947 2192 1013 2249 quae
1059 2182 1138 2227 tanto
1150 2171 1300 2229 molestius
1311 2170 1431 2228 serimus
1441 2182 1550 2247 quanto
1562 2170 1669 2227 clarius
1683 2170 1727 2228 rel
1741 2171 1771 2227 in
1780 2184 1847 2228 tan-

229 2283 318 2340 quom
344 2266 374 2322 in
396 2266 496 2323 eodem
519 2278 611 2322 tractu
630 2254 766 2342 ponatur,
782 2266 813 2322 in
833 2286 893 2342 quo
908 2266 1013 2323 Strabo
1059 2276 1087 2321 ta
1101 2264 1166 2321 labe
1186 2266 1311 2343 pretium
1335 2266 1469 2343 opusculi
1484 2265 1624 2324 eximium
1645 2267 1841 2341 cognoscitur.

229 2358 394 2420 Leucollatn
410 2375 438 2417 et
450 2362 595 2418 Arsinoen
609 2359 747 2432 collocat,
767 2363 813 2420 vel
832 2362 904 2433 haec,
917 2376 1012 2437 ntego
1057 2360 1174 2418 Nullum
1190 2360 1260 2418 novi
1276 2360 1396 2433 librum,
1413 2361 1464 2438 qni
1484 2362 1516 2418 in
1535 2361 1665 2419 locorum
1682 2362 1845 2419 maritimo·

229 2468 339 2530 putem,
358 2457 405 2513 vel
419 2456 469 2513 illa
479 2471 615 2531 tanquam
626 2454 699 2513 urbs
709 2456 807 2514 arenis
818 2456 925 2513 obruta
935 2456 1012 2534 apud
1058 2477 1122 2515 111111
1145 2476 1265 2515 recensu
1282 2458 1382 2535 copias
1396 2470 1548 2534 expromat
1559 2457 1722 2515 uberiores.
1735 2458 1843 2515 Proxi-

228 2550 364 2608 Nostrum
387 2552 577 2627 significatur,
595 2565 627 2609 ut
639 2552 767 2629 primum
787 2551 842 2609 hoc
856 2565 950 2630 pateat
964 2572 1012 2629 pe·
1056 2572 1102 2610 ine
1115 2554 1225 2610 accedit
1238 2554 1421 2624 Ptolomeus,
1435 2554 1526 2611 multo
1540 2566 1634 2611 tamen
1649 2553 1771 2610 interior
1781 2554 1841 2628 Γ).

228 2645 336 2721 riplum
355 2645 508 2704 Strabonis
524 2658 606 2703 aetate
623 2646 774 2723 juniorem
794 2665 867 2705 esse.
890 2646 1011 2724 thuo·
1056 2648 1194 2707 Nauticus
1213 2669 1285 2707 vero
1308 2651 1395 2720 liber,
1430 2650 1543 2726 qualem
1572 2648 1672 2725 Libye
1693 2662 1723 2706 et
1750 2652 1844 2707 Cretae

229 2743 305 2795 niam
324 2740 495 2798 Ptolemaeus
518 2758 636 2817 quoque
658 2760 752 2817 neque
777 2741 920 2800 Arsinoen
938 2742 1012 2801 banc
1055 2745 1212 2823 descriptio
1223 2745 1360 2821 ostendit,
1371 2747 1475 2805 unicus
1487 2759 1530 2804 cst
1544 2764 1629 2822 quem
1643 2766 1679 2803 ex
1698 2758 1757 2803 tota
1767 2748 1844 2804 anti-

229 2852 323 2909 neque
333 2834 498 2892 [cucullam
513 2835 607 2905 novit,
616 2834 677 2911 jam
687 2835 829 2893 desertam
840 2850 909 2894 tunc
924 2837 1012 2896 luisse
1055 2842 1166 2920 quitata
1179 2841 1318 2901 habemus
1329 2842 1484 2919 reliquum.
1497 2840 1589 2917 Cujus
1600 2854 1707 2919 quanta
1721 2842 1759 2900 sit
1770 2842 1842 2899 ltdes

227 2947 313 3004 quam
328 2928 398 2987 dicit
408 2928 512 2988 Noster
527 2927 630 2988 urbem
645 2930 827 3004 conjicimus.
839 2931 931 2990 Simul
940 2952 1012 2992 vero
1054 2938 1121 2996 etin
1132 2938 1329 2997 situlocorum
1341 2936 1637 3008 deliniendoutilitas,
1649 2936 1841 2994 recentissimi

228 3025 370 3084 concedes
397 3025 575 3105 ἀμμόχωστον
597 3045 657 3083 non
686 3027 776 3086 fuisse
799 3047 905 3085 nomen
929 3028 1012 3087 urbis
1056 3033 1180 3090 maxime
1194 3033 1442 3112 peregrinatores,
1465 3034 1497 3090 in
1513 3033 1598 3090 Creta
1618 3031 1792 3108 l‘aslileyns,
1808 3032 1841 3088 in

228 3121 400 3197 proprium,
414 3121 463 3178 sed
481 3121 602 3180 desertae
625 3120 720 3179 ruinis
735 3122 870 3193 inditum,
889 3141 1012 3199 eamque
1055 3127 1377 3206 Libyastrenuissimus
1386 3128 1524 3186 barthius
1537 3141 1634 3186 noster
1645 3126 1842 3204 patefecerunt

228 3215 450 3291 appellationem
477 3215 571 3273 sei-ins
591 3214 722 3286 demum,
741 3236 831 3291 quum
856 3217 1011 3294 proprium
1046 3207 1219 3302 1saepiirsque
1227 3229 1299 3300 grati
1309 3243 1342 3283 ac
1351 3224 1518 3282 mirabundi
1530 3224 1653 3301 professi
1661 3222 1844 3291 sunthaie

228 3327 334 3365 nomen
344 3309 375 3365 in
390 3309 568 3367 oblivionem
582 3311 642 3382 jain
652 3309 782 3381 abiisset,
794 3331 850 3369 usu
861 3313 1010 3370 communi
1054 3320 1240 3379 vehementer
1261 3321 1393 3378 dolemus
1406 3320 1569 3396 §myrhium
1597 3332 1626 3376 er
1641 3317 1836 3394 Beecheyum,

226 3421 289 3461 esse
307 3417 450 3482 receptam
464 3405 509 3482 (1).
539 3404 684 3462 Praeterea
708 3406 871 3464 citeriorem
899 3419 1011 3465 aetetem
1056 3417 1164 3492 dnglos
1178 3417 1280 3476 doctos
1301 3417 1522 3492 diligentesque,
1548 3414 1656 3492 quibus
1680 3415 1841 3492 plurimum

227 3498 1010 3580 1111101131ῆῦθᾶἹ1ρᾶ1111111161111611111111191111Νο31111111
1055 3533 1108 3571 nos
1125 3513 1274 3584 debemus,
1287 3533 1378 3590 quum
1392 3512 1581 3590 amplissimis
1593 3511 1687 3590 copiis
1704 3497 1841 3569 instructi

227 3609 258 3651 ttt
268 3596 299 3652 ln
311 3596 405 3652 illone
416 3595 551 3653 cassiod(
561 3597 696 3654 Hierocle
707 3596 864 3675 ‘lepo'nuira
875 3611 1009 3660 l'ocallll'.
1055 3608 1157 3686 Libyae
1169 3628 1249 3667 oram
1264 3621 1343 3668 terra
1361 3611 1494 3686 marique
1505 3609 1702 3686 explorarent,
1724 3607 1841 3665 Stadia.

225 3689 334 3764 AddeS
345 3691 402 3746 302
418 3701 446 3745 et
461 3690 513 3746 311
532 3691 639 3748 formas
655 3692 801 3770 Κουριακὸν
815 3706 844 3751 et
860 3697 1011 3771 Κρομμυα·
1053 3705 1108 3768 smi
1135 3705 1226 3764 nostri
1247 3705 1335 3764 luisse
1347 3707 1540 3763 immemores.
1554 3703 1646 3772 Quem
1664 3705 1689 3762 si
1703 3717 1840 3773 nossent,

226 3781 271 3839 x'or
293 3802 348 3859 pro
364 3780 476 3861 limpide
490 3783 558 3863 ἄκρα
575 3797 604 3841 et
625 3785 770 3863 Κρομμύου
783 3785 866 3864 ἄκρα,
882 3808 1008 3864 (1110111111
1054 3799 1130 3857 baud
1138 3819 1231 3875 pauca
1242 3799 1633 3858 constituissentaccuratius
1643 3799 1843 3874 vitassentquc

225 3877 360 3947 1101111151
375 3877 672 3955 1811191101111111111111
688 3881 751 3956 lpse
769 3880 916 3939 1105111111
931 3883 1010 3940 Ᾱ1Ῑ1θ
1053 3913 1167 3953 errores
1176 3915 1250 3972 quos
1263 3895 1417 3954 Ptolemaeo
1429 3894 1496 3952 duci
1511 3893 1604 3953 inlido
1616 3893 1723 3953 addicti
1734 3911 1842 3952 carere

227 3972 349 4031 llinoris
369 3973 491 4050 paraplo
508 3972 534 4051 (5
551 3975 615 4048 ¹97l
629 3973 724 4033 liabet.
738 3974 794 4032 Sed
809 3976 930 4034 levioris
948 3977 1011 4036 liaec
1054 3991 1104 4047 vix
1120 4003 1262 4068 poterant,

226 4068 659 4127 m⁰¹¹¹⁰¹¹¹i⁵¹¹¹¹²⁸²s⁰¹i²³⁵²l¹¹
675 4070 819 4147 Κρομμύθυ
833 4070 923 4151 ἄκρον,
944 4076 1011 4133 liw-
1095 4089 1163 4144 213.
1186 4087 1345 4144 ediderunt
1371 4087 1517 4165 periplutn
1544 4086 1650 4145 lriarte
1670 4101 1699 4144 et
1721 4086 1840 4144 Gallius

228 4160 283 4240 ptis
295 4160 374 4240 ἄκρον
395 4163 570 4238 retingenda.
584 4164 717 4223 &tetum
732 4166 807 4223 1111131·
817 4167 908 4244 Cypri
921 4168 1010 4227 ”ibes
1054 4194 1082 4239 et
1096 4181 1296 4240 lloilmannus.
1314 4183 1451 4240 Codicein
1470 4183 1566 4239 denno
1578 4183 1701 4240 contulit
1720 4181 1750 4242 li.
1770 4181 1839 4238 llil*

223 4261 355 4338 periplus
368 4261 542 4319 Salaminem
560 4275 707 4340 recenset,
720 4283 806 4340 quam
824 4264 1009 4324 Constantini
1056 4279 1142 4334 ierus.
1159 4277 1230 4337 vide
1242 4291 1301 4336 ῃοι,
1317 4280 1354 4336 ad
1368 4297 1433 4356 pag.
1460 4288 1529 4350 427.

224 4355 321 4432 llagni
329 4377 406 4416 anno
419 4378 457 4433 29
468 4371 551 4416 terrae
559 4371 639 4418 motu
649 4357 775 4418 dirutam
787 4373 888 4439 etpost
898 4374 1009 4420 restau-

255 4523 289 4582 (·)
303 4523 374 4579 Quod
390 4525 447 4574 otim
457 4527 481 4574 in
496 4526 616 4576 rtotcmet
626 4528 668 4587 (v,
682 4533 710 4577 ta
726 4527 891 4587 )editionibos
909 4542 924 4578 e
938 4528 1010 4578 codd.
1025 4529 1117 4591 aliquot
1128 4530 1249 4592 legebatur
1265 4531 1440 4596 Ἆμμὸχωστος,
1453 4531 1494 4582 obi
1505 4532 1614 4582 meliores
1632 4531 1703 4581 codd.
1718 4532 1837 4589 Πηδάλιον

223 4594 294 4656 dapar
307 4593 405 4652 babent,
416 4609 430 4644 e
443 4601 500 4644 nota
519 4596 641 4657 nargtnatt
661 4597 754 4647 illatum
768 4599 814 4646 est
826 4599 920 4648 Etenim
938 4612 1014 4660 quum
1030 4606 1112 4660 postea
1125 4602 1147 4649 in
1168 4601 1247 4650 locum
1265 4602 1330 4650 urbis
1344 4603 1446 4652 desertae
1461 4616 1523 4651 nora
1537 4601 1594 4651 urbs
1606 4602 1765 4659 successisset,
1780 4613 1838 4661 qum

223 4666 312 4712 nomen
324 4664 369 4712 loot
385 4663 486 4724 desecti,
504 4668 569 4727 quod
593 4679 637 4715 usu
653 4666 798 4726 incaluerat,
812 4670 964 4717 consecrarit
978 4667 1116 4729 (hodierna
1138 4673 1315 4733 democrito)
1330 4686 1337 4720 :
1353 4673 1415 4722 lianc
1430 4672 1540 4722 librarius
1554 4672 1652 4734 qnidam
1671 4673 1772 4735 cyprius
1785 4673 1836 4730 (ct.

224 4735 275 4782 itot.
286 4732 316 4781 ad
328 4732 343 4795 §
354 4735 415 4792 ³07)
430 4734 531 4796 margini
544 4734 680 4797 adscripsit,
691 4737 773 4800 postea
786 4736 847 4786 alius
857 4737 882 4786 io
891 4739 986 4787 textum
997 4741 1095 4802 recepit,
1105 4744 1130 4791 et
1138 4754 1213 4803 quum
1225 4741 1342 4803 graduum
1356 4743 1450 4792 numeri
1462 4755 1511 4792 non
1521 4741 1645 4804 adessmt,
1654 4743 1677 4790 in
1690 4745 1754 4792 note
1769 4742 1838 4792 urbis

223 4803 325 4864 gratiam
340 4802 461 4852 Pedalium
470 4817 548 4866 prom.
564 4805 642 4867 ejecit.

253 4900 298 4958 (·*)
312 4901 338 4948 ta
349 4912 399 4949 one
416 4898 510 4962 Libyca
521 4901 579 4950 locis
594 4909 636 4954 117
649 4915 721 4965 supra
736 4903 834 4964 triginta
844 4905 984 4964 occurrunt,
994 4910 1098 4966 'qoomm
1111 4903 1201 4954 mentio
1214 4905 1276 4968 apud
1292 4907 1449 4956 t’totemeom
1461 4919 1509 4955 non
1522 4909 1638 4956 occurrtt.
1652 4906 1710 4956 ttide
1721 4905 1736 4968 §
1746 4911 1770 4957 a.
1790 4911 1833 4954 to.

223 4973 262 5018 at.
278 4975 316 5020 to.
330 4976 369 5020 ³2.
380 4975 419 5022 ⁴2.
433 4974 662 5023 teorotnand.
675 4977 809 5023 otae-tt.
823 4978 906 5024 'ld-78.
919 4979 1006 5026 804².
1022 4980 1060 5026 eo.
1075 4977 1113 5024 ot.
1129 4982 1181 5025 100.
1196 4981 1248 5026 101.
1266 4979 1316 5026 ttt.
1329 4983 1379 5027 tto.
1398 4984 1449 5027 tao.
1465 4982 1515 5027 tat.
