3950 5925
115 378 218 455 (esce)
398 424 405 437 .
713 382 763 443 llll
784 382 882 445 unul
903 386 1134 447 ERYTllllAEO.
1673 407 1723 460 (ας
1785 451 1789 457 ,

25 509 104 559 Ρίιοῑ·
113 507 195 578 λευκὴ
214 506 346 589 φαίνεται,
363 509 476 585 ποταμῷ
497 508 626 588 ἐμφερὴς,
643 510 712 570 ώστε
735 512 900 590 παραπλητ-
945 523 1010 576 bum
1023 524 1056 577 nd
1073 524 1146 578 lluvii
1159 529 1288 597 speciem,
1308 530 1343 582 ita
1355 539 1385 581 ut
1402 529 1510 583 ellectus
1528 532 1605 602 liujus
1625 550 1727 587 causam

111 599 203 652 τεσθαι
221 598 267 653 τοῦ
281 592 418 670 γινομένου
432 594 480 665 τὴν
494 594 591 668 αἰτίαν,
613 600 688 668 νῆσοι
707 596 735 655 δὲ
749 598 899 676 εὐδαίμονες

112 680 299 762 παράκεινται,
314 683 341 739 ἐν
353 671 396 748 αίς
411 680 569 760 βοσκήματα
580 683 661 742 λευκά
676 684 724 763 μίν
734 686 790 743 ε’στι
801 686 898 760 πάντα,

112 769 199 827 οὐδενί
213 769 240 828 δὲ
253 773 307 829 τῶν
321 771 432 841 θηλειῶν
450 771 588 849 ἐπιφύεται
604 770 691 851 κέρας.
733 771 780 833 Ἐν
792 773 899 840 ταύταις

82 866 97 903 ⁸
113 857 170 922 ταῖς
181 855 269 925 νήσοις
283 858 346 915 ἰδεῖν
364 856 435 915 ἔστιν
447 855 578 936 ὁρμούσας
592 858 734 939 ἐμπορικὰς
746 864 797 918 τῶν
813 884 899 940 προσ-

110 942 207 1022 χώρων
219 943 341 1023 σχεδίας,
352 943 478 1009 πλείστας
490 942 538 1021 plu
560 948 655 1004 ἐκεῖθεν
676 938 707 1005 ού
718 946 899 1019 κατεστήσατο
1104 1021 1110 1033 ¹
1411 1024 1417 1035 ·

111 1031 186 1111 MP&
206 1030 250 1090 τὸν
266 1030 347 1091 Ἰνδὸν
372 1030 492 1108 ποταμὸν
503 1035 518 1089 5
538 1031 703 1112 qkqwgm
720 1036 897 1112 ναύσταθμα,
942 1016 1080 1090 plerasque
1102 1020 1165 1074 mdc
1183 1022 1327 1094 prolectas,
1349 1024 1395 1078 ubi
1406 1038 1481 1097 Juxta
1503 1027 1600 1081 Indum
1624 1048 1729 1083 amnem

111 1120 159 1176 αὖα
173 1118 263 1197 ὀλίγας
281 1117 309 1177 δὲ
330 1118 383 1177 απὸ
399 1122 446 1190 τῆς
464 1118 590 1199 ῃαααωαα
611 1119 658 1179 καὶ
678 1122 836 1202 Καρμανίας
852 1124 898 1183 καὶ
943 1116 1033 1168 navale
1053 1116 1167 1171 instituit
1186 1118 1345 1187 Alexander,
1368 1140 1417 1175 nec
1432 1141 1527 1195 paucas
1547 1143 1562 1177 e
1580 1126 1686 1180 Perside
1703 1138 1729 1179 ct

109 1208 158 1276 τῆς
172 1204 296 1282 σύνεγγυς
310 1203 406 1277 πάσης.
942 1212 1082 1267 Carmania
1093 1224 1119 1267 et
1136 1225 1190 1269 tota
1204 1218 1355 1271 continente
1364 1218 1485 1273 finitima.

70 1313 97 1352 ιο
152 1290 335 1354 νοιἜστιδδ
352 1294 440 1359 αὐτοῖς
459 1292 505 1351 καλ
518 1292 552 1351 τά
569 1293 638 1353 κατὰ
652 1295 816 1376 τὀνούρανδν
831 1304 898 1358 dau·
980 1283 1260 1373 lod-Ccclcstiaetiam
1273 1314 1322 1367 illis
1339 1315 1729 1384 mirabilitersehabent3inter

110 1381 216 1456 μασίως
234 1380 345 1459 ἔχοντα·
366 1372 404 1439 dv
419 1379 476 1440 luel
489 1381 815 1464 καλτὸπερλτλνάρκτον
827 1409 896 1464 συμ·
942 1412 1002 1466 qum
1021 1408 1060 1449 est
1079 1397 1152 1467 quod
1170 1400 1240 1453 circa
1259 1402 1354 1455 Ursam
1367 1404 1504 1473 contingit.
1542 1407 1610 1457 Nam
1633 1407 1728 1461 indea

111 1468 212 1527 ύαῖνον.
256 1466 319 1527 Ἀπὸ
332 1466 385 1547 γάρ
403 1472 659 1548 Μαιμακτηριῶνος,
674 1470 702 1539 t<
716 1471 808 1549 ἄγεται
823 1473 898 1554 παρά
941 1480 1153 1537 Μιεαιεισιειὶοιισ
1171 1503 1260 1538 mense
1272 1487 1482 1553 Atheniensium,
1499 1489 1613 1543 nullade
1630 1504 1729 1563 septem

108 1557 164 1622 τοῖς
178 1555 341 1632 Ἀθηναίοις,
356 1555 437 1622 ούδείς
450 1556 534 1636 ἀστὴρ
546 1560 597 1615 τῶν
609 1556 676 1616 ἑπτά
688 1557 806 1639 φαίνεται
818 1562 897 1643 μέχρι
942 1566 999 1636 ejus
1017 1568 1096 1621 stollis
1114 1572 1275 1641 conspicitur
1293 1573 1421 1643 usquead
1438 1576 1551 1644 vigilium
1572 1579 1655 1630 noctis
1673 1580 1728 1649 pri·

109 1646 231 1723 φυλακῆς
244 1644 363 1724 πρώτης,
378 1643 444 1702 lull
461 1646 620 1705 Ποσειδεῶνι
633 1646 712 1727 μέχρι
723 1649 853 1729 δευτέρας,
870 1655 897 1710 ἐν
941 1668 1013 1705 marn
1019 1675 1027 1720 ς
1040 1653 1185 1709 Posideone
1194 1656 1228 1709 ad
1237 1656 1378 1713 secundam
1388 1676 1481 1730 usque,
1492 1672 1518 1714 ct
1528 1660 1619 1715 eadem
1629 1665 1729 1717 ratione

69 1750 97 1789 ει
109 1732 138 1790 δὲ
156 1733 209 1798 τοῖς
229 1730 286 1804 ίξῆς
301 1736 351 1791 τῶν
365 1735 454 1808 μηνῶν
470 1730 540 1792 κατὰ
558 1733 645 1812 λύγον.
688 1738 750 1796 Τῶν
770 1738 793 1795 δ’
810 1738 897 1797 ἄλλων
942 1738 1077 1793 mensibus
1091 1739 1214 1811 deinceps
1228 1743 1479 1813 sequentibus;tum
1494 1745 1527 1799 de
1542 1749 1634 1801 ceteris
1650 1748 1728 1801 stellis

109 1819 229 1897 ἀστέρων
241 1822 265 1878 σί
283 1823 330 1894 μὲν
345 1819 477 1893 πλάνητες
490 1820 612 1898 ἀόρατοι,
624 1821 691 1888 τινὲς
703 1820 731 1880 dl
743 1831 797 1891 τοῖς
811 1824 898 1901 ὄγκοις
942 1825 1059 1877 enaricae
1071 1844 1124 1879 non
1141 1826 1277 1893 ridentum
1289 1830 1420 1885 nonnullae
1432 1843 1519 1885 autem
1530 1833 1620 1901 globos
1631 1834 1730 1887 habent

106 1906 243 1982 μείζονες,
255 1909 278 1965 οἱ
299 1905 326 1965 ll
347 1905 407 1965 οὐδὲ
422 1905 493 1965 κατά
506 1906 563 1975 τούς
575 1911 725 1989 ὑφεστῶτας
734 1910 839 1994 καιροὺς
850 1913 897 1981 τὰς
939 1910 1068 1981 majores;
1081 1924 1142 1967 sunt
1151 1932 1210 1985 quas
1223 1934 1277 1969 non
1289 1919 1361 1971 statis
1372 1929 1400 1971 et
1410 1919 1532 1989 legitimis
1543 1921 1592 1974 sibi
1602 1922 1728 1994 tempori·

105 1994 195 2061 δύσεις
205 1994 355 2073 ποιούμενοι
366 1994 412 2053 καλ
427 1992 474 2062 τάς
484 1995 614 2062 ἐπιτολάς.
939 2002 991 2055 bns
1007 2004 1133 2060 occidunt
1146 2018 1173 2061 et
1183 2011 1315 2065 oriuntur.

944 642 998 677 uon
1010 627 1066 678 sine
1079 638 1186 699 stupore
1205 629 1352 683 demireris.
1391 632 1518 703 Adjaccnt
1539 646 1626 689 nutem
1640 638 1730 691 insulse

945 726 1100 795 fortunatae,
1120 732 1148 784 in
1166 733 1263 801 quibus
1281 734 1357 788 niveo
1377 746 1439 789 sunt
1456 738 1544 791 colore
1560 756 1655 811 peoora
1669 744 1729 793 uni·

945 840 1032 889 versa,
1045 844 1094 879 nec
1110 826 1155 881 ulli
1172 827 1329 883 seminarum
1343 850 1426 885 cornu
1447 833 1607 888 adnascitur.
1645 839 1677 889 In
1688 838 1730 890 his

943 924 1111 975 mercatorias
1122 924 1269 978 accolarum
1281 946 1359 980 nares
1372 930 1509 983 stationem
1522 931 1618 984 habere
1631 932 1727 998 videas,

25 2167 100 2220 0¹⁰⁶·
109 2160 160 2231 *ll*
172 2160 266 2242 χρόαν,
276 2160 337 2221 ὥσθ’
352 2162 410 2239 ἅμα
429 2164 572 2240 θαυμάζω
583 2163 614 2223 τί)
625 2166 770 2246 παράδοξον
785 2169 830 2225 καί
848 2169 895 2240 τὴν
938 2181 1017 2233 simul
1030 2183 1184 2238 inusitatum
1195 2188 1233 2238 rei
1249 2185 1359 2241 modum
1375 2199 1402 2241 et
1414 2206 1518 2243 mirsam
1532 2192 1627 2245 merito
1645 2191 1727 2245 demi·

67 2269 96 2308 sc
112 2248 201 2307 αίτίαν
218 2255 263 2307 τοῦ
282 2248 470 2326 συμύαίνοντος
488 2254 629 2324 ἐπιζητεῖν.
673 2254 791 2325 Νῆσοιδ
806 2254 896 2314 εὐδαί-

109 2358 187 2412 μονες
200 2335 312 2407 πλησίον
322 2335 497 2416 ὑπάρχωσιν,
508 2338 617 2417 ἔχουσαι
627 2339 715 2407 πόλεις
724 2342 895 2421 ἀτειχίστους,

109 2426 137 2481 ἐν
153 2414 193 2490 αἷς
212 2422 246 2481 τὰ
267 2423 426 2502 βοσκήματα
440 2424 529 2486 πάντα
550 2426 646 2497 λευκὴν
664 2427 720 2508 ἔχει
736 2428 783 2499 τὴν
800 2430 895 2510 χρόαν,
972 2492 979 2504 ,
1137 2494 1143 2507 ‚
1398 2496 1403 2507 ,
1534 2497 1540 2509 ,

109 2511 157 2571 mg
177 2521 230 2578 τοῖς
245 2512 450 2582 ommam„
464 2516 512 2573 οὐχ
525 2515 662 2595 buggam
677 2516 708 2575 ‚A
725 2518 837 2578 καθόλου
851 2518 897 2578 κα.
939 2509 979 2544 ναι
992 2503 1054 2546 sunt
1062 2492 1157 2547 coloris
1164 2515 1172 2561 ς
1186 2512 1235 2547 nec
1245 2494 1329 2547 ullum
1343 2494 1457 2548 femineo
1468 2513 1541 2549 sexui
1553 2515 1638 2550 cornu
1648 2516 1726 2568 agna·

109 2622 169 2678 ρας.
212 2602 259 2666 Εἰς
272 2600 370 2667 ταύτας
386 2601 410 2670 δ’
429 2601 539 2681 ἔμποροι
556 2602 684 2663 advenum
700 2605 895 2680 χαταπλέαυαα,
939 2598 1031 2651 scitur.
1070 2598 1112 2653 Ad
1131 2599 1177 2651 hus
1190 2598 1309 2671 undique
1329 2610 1486 2653 mercatores
1500 2612 1664 2667 commeant,
1686 2604 1726 2655 in·

66 2707 95 2747 as
110 2686 229 2762 μάλιστα
245 2686 267 2745 δ’
284 2690 314 2746 lx
329 2686 469 2761 Ποτάνας,
490 2688 523 2761 ἣν
536 2686 704 2771 Ἀλάξανδρος
719 2690 800 2771 ᾤκισε
821 2693 896 2773 παρὰ
938 2702 1032 2773 primis
1045 2720 1061 2757 e
1079 2704 1178 2756 Potane
1192 2704 1203 2771 (
1211 2702 1329 2757 Partalr's
1340 2704 1364 2772 ),
1376 2720 1456 2773 quum
1470 2705 1619 2759 Alexander
1632 2704 1666 2759 ad
1682 2709 1726 2759 In·

108 2774 155 2833 'l’
169 2774 249 2835 ’llll'
263 2775 397 2851 ''mill'’
408 2776 575 2854 ναύσταθμον
590 2776 659 2857 ‘1⁸²⁹
677 2780 833 2857 βωλόίωίος
849 2786 897 2853 τῆς
939 2813 1005 2866 dnm
1019 2813 1117 2866 flumen
1132 2813 1268 2878 condidit,
1288 2824 1319 2866 ut
1329 2813 1498 2867 commodam
1519 2817 1546 2868 in
1567 2814 1608 2867 illa
1628 2816 1725 2868 Oceani

108 2862 184 2941 παρὰ
195 2861 239 2921 τὸν
252 2862 382 2922 Ὠκεανὸν
396 2864 539 2943 παραλίου.
582 2866 651 2945 Περί
665 2867 713 2943 μίν
730 2861 775 2926 ούν
788 2867 897 2947 τῆςχώ·

110 2975 158 3031 ρας
171 2949 218 3009 καί
231 2953 284 3010 τῶν
297 2953 324 3010 ἐν
336 2952 404 3034 αὐτῇ
416 2950 606 3014 κατοικούντων
618 2956 833 3037 ιἰρκισθησάμιθα
843 2967 896 3028 τοῖς

109 3036 264 3120 εἰρημέναις,
938 3033 1047 3106 ejusque
1059 3033 1151 3088 incolis
1159 3033 1214 3104 jam
1227 3034 1287 3086 sctis
1299 3032 1400 3086 dictum
1413 3051 1469 3087 esse
1482 3035 1650 3088 arbitramur.

66 3145 96 3185 ιο
153 3098 202 3187 τοι.
224 3126 293 3206 Περὶ
304 3125 332 3186 dl
346 3130 399 3186 τών
413 3127 484 3187 κατὰ
503 3127 546 3187 τὸν
560 3129 669 3209 οὐρανὸν
688 3130 829 3210 ύρωμίνων
841 3157 896 3192 πα·
977 3142 1137 3215 104.(Cap.
1158 3142 1589 3214 48.)Nuncquaemimistiein
1604 3144 1671 3197 coslo
1689 3164 1726 3198 νι-

111 3214 266 3294 ραδόξωνίν
279 3215 471 3282 τοῖςτύποιςού
484 3216 710 3298 παραλειπτέον.ν
733 3220 896 3296 θαυμασιώ·
939 3226 1410 3300 denturncnpraetermittendasunt.
1444 3230 1572 3282 Omnium
1581 3233 1723 3283 maximnm

109 3325 189 3360 τατον
202 3301 250 3378 μὲν
262 3293 308 3361 erle
328 3304 384 3362 ίστι
399 3303 431 3362 τὸ
442 3305 504 3382 περὶ
523 3303 572 3376 τὴν
598 3305 694 3385 ἄρκτον
711 3307 895 3386 ίστορούμινσν
938 3317 1034 3368 incutit
1055 3314 1258 3368 admirationem
1282 3333 1331 3367 nec
1358 3314 1518 3369 mediocrem
1543 3317 1724 3385 navigantibus

108 3388 156 3447 καί
167 3389 294 3462 πλείστην
310 3389 422 3470 ἀπορίαν
434 3392 616 3472 παρεχόμενον
631 3397 684 3460 τοῖς
703 3394 893 3472 πλοϊζομένοις.
939 3402 1130 3454 dubitationem
1149 3411 1252 3464 movet,
1272 3401 1345 3472 quod
1362 3401 1396 3454 de
1411 3403 1479 3454 Ursa
1496 3401 1593 3454 coelesti
1611 3420 1725 3456 commc-

109 3476 175 3537 Ἀπδ
186 3476 237 3556 γὰρ
252 3477 333 3556 μηνὸς
345 3477 374 3536 δν
387 3481 511 3538 καλοῦσιν
523 3480 653 3552 Ἀθηναῖοι
662 3485 894 3564 Μαιμακτηριῶνα
938 3502 1067 3544 moratur.
1106 3493 1130 3544 A
1154 3507 1243 3542 mense
1263 3491 1350 3555 enim,
1382 3507 1461 3561 quem
1487 3491 1724 3544 Maemactericnem

67 3578 96 3618 ⁸⁵
110 3569 163 3624 τών
175 3567 242 3625 ἑπτὰ
254 3569 306 3624 τών
320 3565 389 3625 κατὰ
399 3567 448 3638 τὴν
459 3567 557 3646 ἄρκτον
570 3570 686 3649 ἀστέρων
704 3570 797 3630 οὐδένα
815 3571 895 3651 φασὶν
939 3577 1111 3631 Athenienses
1127 3586 1231 3640 vocent,
1243 3575 1313 3630 nulla
1328 3576 1552 3646 Septemtrionum
1569 3577 1640 3630 stella
1657 3577 1725 3630 circa

109 3657 220 3732 ὁρᾶσθαι
237 3653 316 3733 μέχρι
330 3659 376 3726 τῆς
388 3654 495 3734 πρώτης
507 3657 634 3736 φυλακῆς,
644 3660 683 3739 τῷ
697 3658 724 3716 δὲ
737 3660 895 3718 Ποσειδεώνι
938 3665 1035 3716 Ursam
1049 3681 1066 3717 a
1087 3662 1269 3732 navigantibus
1283 3662 1399 3733 conspici
1415 3672 1538 3716 canatur
1557 3661 1591 3714 ad
1611 3662 1724 3733 primam

109 3740 190 3819 μέχρι
202 3740 333 3820 δευτέρας,
347 3741 476 3800 καὶκατὰ
490 3742 550 3810 τούς
563 3742 622 3814 ἑξῆς
633 3745 663 3802 ἐκ
674 3749 721 3804 τοῦ
734 3748 794 3804 κατ’
808 3747 894 3823 ὀλίγον
938 3767 1022 3820 usque
1035 3749 1165 3819 vigiliam
1178 3747 1324 3806 Posideone
1337 3747 1465 3818 usquead
1479 3747 1638 3812 secundam,
1652 3749 1724 3801 simi-

109 3833 143 3908 (1.
159 3827 346 3906 κατὰλόγον).
386 3832 449 3890 Τῶν
462 3828 753 3915 δ’άλλωντοίνς[μλν]
768 3835 896 3911 ὀνομαζο-
939 3835 1010 3906 lique
1019 3836 1201 3908 progressione
1210 3834 1378 3905 sequentibus
1388 3833 1531 3887 mensibus.
1570 3835 1724 3905 Dereliqnis

109 3915 202 3990 με’νους
212 3915 349 3988 πλανήτας
370 3915 532 3997 ἀθεωρήτους
551 3919 690 3999 ὑπάρχειν,
710 3920 769 3987 τοὺς
782 3921 811 3979 δὲ
826 3923 894 3999 (μὲν
939 3941 997 3987 ens,
1015 3940 1079 3992 quas
1098 3923 1221 3974 erraticas
1244 3931 1352 3985 vocant,
1373 3922 1524 3990 conspectui
1547 3921 1652 3972 illorum
1670 3939 1725 3972 non

66 4018 95 4058 to
108 4002 203 4082 codd.)
226 4003 345 4080 μείζονας
359 4007 411 4062 τῶν
427 4006 493 4083 παρ’
504 4005 577 4081 ἡμῖν,
591 4006 693 4087 ἑτέρους
712 4007 740 4066 δὲ
760 4007 827 4085 μηδὲ
847 4007 893 4075 τὰς
938 4009 1072 4074 ονλιίίνειίς
1087 4008 1148 4060 alins
1169 4005 1281 4076 majores
1301 4025 1356 4058 esse
1384 4023 1464 4077 quem
1484 4005 1562 4059 nobis
1584 4005 1723 4072 videntur;

108 4089 201 4168 ὁμοίας
213 4090 340 4158 ἀνατολάς
352 4089 398 4149 καί
410 4091 494 4159 δύσεις
506 4096 646 4156 ποιεῖσθαι.
943 4095 1007 4148 alias
1019 4113 1072 4147 non
1083 4093 1212 4146 consimili
1223 4092 1303 4145 modo
1314 4091 1454 4146 ascendere
1463 4109 1493 4144 ac
1504 4090 1672 4144 descendere.

938 2293 1021 2337 retur.
1062 2286 1212 2341 Fortunata
1222 2306 1306 2359 prope
1318 2290 1409 2342 insulse
1422 2300 1524 2344 exstant
1535 2292 1607 2345 haud
1620 2297 1728 2347 munitis

939 2386 1109 2458 frequentatae
1122 2390 1236 2461 oppidis,
1250 2390 1296 2443 ubi
1308 2408 1397 2461 greges
1410 2401 1437 2444 et
1452 2403 1569 2446 armenta
1582 2396 1672 2448 omnia
1687 2398 1726 2447 ni·

938 2941 985 2976 ora
998 2924 1103 2977 navium
1113 2924 1251 2978 stationem
1263 2920 1380 2976 heberet.
1420 2924 1500 2995 Atqui
1513 2922 1546 2978 de
1558 2926 1665 2994 regione
1676 2924 1725 2978 hac

107 4307 187 4350 estex
200 4296 399 4370 indicc2dulpa
409 4297 564 4362 nullatum,
580 4300 599 4352 i.
610 4317 634 4351 e.
647 4300 734 4352 insula
745 4300 821 4352 beatu
835 4299 893 4353 siue
972 4301 988 4367 S
1011 4305 1071 4363 tot,
1094 4296 1140 4351 liu.
1157 4298 1199 4350 13.
1212 4299 1304 4370 μέχρι
1321 4299 1461 4368 φυλακῆς
1481 4299 1606 4368 πρώτης
1625 4297 1724 4388 mk]

99 4375 261 4444 fhrrumra,
280 4377 320 4430 uti
338 4385 399 4446 post
415 4377 576 4430 Bochartum
593 4379 713 4448 (Geogr.
734 4397 802 4432 sacr.
816 4381 844 4444 l,
867 4396 892 4444 r,
942 4400 954 4421 ι
967 4378 994 4429 Si
1015 4375 1066 4429 l'on
1081 4393 1194 4447 suppose
1213 4394 1265 4447 que
1288 4378 1310 4430 le
1325 4379 1376 4430 lieu
1393 4377 1427 4429 de
1449 4376 1473 4428 la
1486 4392 1624 4446 remarque
1646 4377 1697 4428 scit
1710 4395 1726 4428 n

107 4473 137 4525 p.
152 4455 225 4527 436)
241 4466 404 4508 monuerunt
414 4455 515 4508 Bchlen
527 4455 589 4510 Iud.
603 4459 644 4522 11,
659 4459 724 4527 139,
737 4459 892 4524 lessenius,
941 4455 973 4507 15
983 4455 1074 4524 degree
1087 4455 1121 4507 de
1132 4454 1240 4508 latitude
1253 4455 1331 4520 nord,
1348 4474 1383 4507 on
1396 4465 1489 4508 trouve
1502 4454 1615 4524 qu’alors
1631 4454 1653 4507 la
1666 4473 1725 4525 pre·

105 4533 217 4605 Beusey,
236 4536 370 4601 liitterus,
383 4535 438 4588 alii.
450 4537 550 4588 Pecora
562 4535 621 4590 alba
634 4536 760 4590 cornibus
779 4540 895 4592 carentia
940 4532 1022 4586 misire
1033 4533 1080 4586 des
1092 4544 1149 4604 sept
1167 4533 1324 4605 principales
1337 4533 1426 4587 etoiles
1439 4531 1473 4584 de
1486 4532 1511 4584 la
1524 4529 1623 4601 grande
1640 4535 1725 4586 Oursc

106 4631 164 4666 esse
181 4613 305 4666 videntur
315 4614 403 4667 Ζσύιιι
413 4613 524 4678 indicte,
543 4632 602 4686 quse
620 4626 745 4686 tanquam
757 4633 841 4669 vaeoe
855 4633 896 4670 sa·
941 4612 1056 4681 (l'etoile
1070 4615 1106 4682 α)
1121 4631 1148 4665 sc
1170 4612 1247 4666 lerait
1260 4632 1318 4666 vers
1332 4611 1399 4665 neus
1412 4611 1505 4664 heures
1524 4610 1562 4664 du
1581 4611 1635 4664 scir
1649 4611 1672 4664 le
1694 4614 1724 4664 15

107 4709 159 4744 erae
175 4710 192 4744 a
208 4692 336 4744 Bouiania
356 4693 546 4746 mercatoribus
556 4711 589 4746 ex
606 4693 684 4747 India
702 4695 854 4748 etiamnunc
870 4697 896 4748 in
939 4693 1057 4758 octobre,
1081 4702 1108 4745 et
1124 4709 1182 4745 vers
1204 4702 1261 4763 sept
1284 4692 1378 4745 heures
1393 4690 1416 4744 le
1440 4691 1470 4743 15
1491 4690 1724 4744 novembre.Ala

107 4771 233 4824 stationes
247 4789 341 4824 eorum
354 4771 480 4825 Arabicas
493 4769 588 4824 deduci
600 4773 694 4837 solent,
705 4783 830 4827 monente
841 4775 896 4826 ltir-
938 4769 1068 4841 premiere
1078 4770 1111 4822 de
1125 4789 1167 4822 ces
1181 4771 1270 4836 dates,
1289 4770 1313 4823 le
1327 4769 1398 4822 soleil
1416 4787 1444 4821 se
1457 4769 1579 4821 couchait
1591 4787 1648 4822 vers
1664 4770 1725 4839 cinq

106 4859 165 4900 tero
176 4849 246 4915 XII,
266 4866 295 4921 p.
315 4853 378 4917 σύμ.
393 4850 404 4918 ll
417 4868 490 4918 -7.
503 4850 731 4922 ναύσταθμον],
744 4851 817 4922 quod
826 4852 897 4922 apud
939 4852 1033 4904 heures
1052 4851 1085 4904 50
1106 4851 1236 4912 minutes3
1259 4860 1286 4902 et
1306 4867 1354 4920 par
1371 4851 1533 4920 consequent
1554 4847 1578 4900 ln
1597 4847 1727 4918 premiere

106 4926 257 4980 Diodorum
271 4937 381 4981 vocatur
393 4928 503 4993 Ποτάνα,
514 4928 643 4982 librorum
654 4931 729 4994 vitio,
741 4928 895 4995 utvidetur,
938 4929 1032 4998 garde,
1053 4931 1097 5000 qui
1119 4929 1292 4980 eommencait
1314 4944 1376 4979 avec
1398 4927 1421 4978 lo
1443 4926 1558 4979 coucher
1579 4925 1617 4977 du
1634 4924 1723 4988 soleil,

104 5025 157 5077 pro
170 5006 290 5059 Πάτταλα
301 5007 426 5075 (Arrian.
439 5007 526 5060 Anah.
536 5009 572 5059 V.
588 5012 615 5071 1,,
630 5010 680 5073 vl,
695 5007 813 5078 17.1nd.
830 5026 855 5060 c.
866 5025 894 5062 2.
939 5008 1049 5060 linissnit
1062 5005 1076 5060 ii
1091 5008 1151 5060 huit
1170 5007 1264 5060 heures
1280 5006 1313 5060 50
1327 5007 1458 5070 minutes;
1477 5006 1503 5058 la
1515 5004 1627 5058 seconde
1645 5002 1725 5073 garde

105 5085 175 5140 Plio.
196 5089 238 5150 11,
253 5087 286 5155 75
307 5097 371 5152 etc,
386 5087 452 5140 hod.
475 5089 583 5158 Tatta).
605 5089 690 5141 Notus
702 5089 775 5142 locus
794 5100 849 5141 erat
862 5108 894 5142 er
939 5085 1076 5140 s’etendait
1088 5085 1121 5138 de
1134 5085 1193 5138 huit
1206 5085 1299 5137 heures
1310 5090 1344 5148 40
1355 5085 1469 5138 minutes
1481 5082 1495 5136 'u
1507 5101 1572 5137 once
1585 5083 1678 5135 lreures
1690 5086 1726 5145 lo

106 5164 251 5218 Alexandri
264 5167 304 5218 M.
315 5164 439 5229 historia,
454 5177 482 5219 at
492 5183 546 5220 ncn
565 5165 713 5221 Alexander
723 5169 825 5238 primus
839 5169 895 5219 ναύ-
939 5168 1054 5218 minutos
1063 5165 1100 5218 du
1112 5165 1174 5217 scir.
1194 5163 1391 5218 L'observarion
1404 5164 1449 5234 qui
1462 5172 1566 5233 reporte
1577 5160 1600 5214 le
1614 5159 1683 5213 lever
1691 5161 1725 5216 de

106 5245 218 5314 σταύμον
230 5242 293 5296 in'de
307 5243 377 5296 lecit.
938 5244 963 5297 la
972 5243 1071 5314 grande
1079 5247 1164 5296 Ourse
1173 5260 1241 5314 pour
1250 5242 1273 5295 le
1283 5243 1349 5294 mois
1361 5242 1394 5294 de
1404 5240 1545 5294 novembre
1554 5237 1569 5293 ir
1578 5239 1602 5292 la
1612 5237 1725 5292 seconde
