3950 5925
105 424 157 500 (a)
807 420 1004 484 enarrans
1696 446 1715 493 a

102 545 155 631 εἶχε
177 551 205 610 δὲ
227 550 323 621 πίθους
343 554 362 620 θ
386 550 467 627 λίμνη
489 555 558 629 ipat<
578 551 680 626 μείζους
704 554 748 622 τῆς
772 551 881 631 Κέρθης.
929 563 1149 616 insulashabebat
1165 574 1216 617 tres
1231 566 1315 617 Cerne
1334 564 1453 635 umjores.
1493 568 1534 621 nb
1552 570 1592 622 liis
1604 570 1655 623 diei
1672 590 1716 625 na-

101 639 154 719 'tq’
166 630 202 696 ὧν
215 638 362 718 ἡμερήσιον
376 640 459 695 πλοῦν
470 637 680 715 κατανύσαντες,
695 641 730 704 είς
741 638 785 696 τὸν
799 638 884 718 μυχὸν
929 649 1060 716 vigatione
1068 650 1182 721 perlecta
1193 652 1343 704 interiorem
1356 652 1426 704 lacus
1435 672 1564 709 recessum
1572 660 1715 726 attigimus,

101 732 144 798 τῆς
158 726 253 803 λίμνης
271 726 396 802 ἤλθομεν,
407 724 472 804 θπὲρ
490 721 581 806 liudpr,
595 726 707 804 μέγιστα
722 725 882 803 θπερέτεινε,
929 755 1009 807 supra
1022 755 1101 806 quem
1119 748 1222 790 montes
1244 739 1350 791 maximi
1370 740 1539 809 assurgebant
1557 744 1716 795 silvestribus

101 815 183 891 peuri
198 814 344 895 ἀνθρώπων
357 813 466 893 ἀγρίων,
479 813 597 893 δέρματα
609 815 701 894 θήρεια
716 813 883 890 ἐνημμένιυν,
930 826 1082 879 hominibus
1096 826 1194 891 referti,
1207 828 1285 899 pelles
1305 828 1399 880 ferinas
1411 829 1519 894 indutis,
1531 834 1577 902 qni
1593 850 1715 885 saxorum

101 902 124 959 οἳ
144 903 248 983 πέτροις
262 902 403 981 βάλλοντες
422 902 560 982 ἀπήραξαν
572 906 660 980 ἡμᾶς,
677 902 820 968 κωλύοντες
840 905 885 961 ἐκ·

101 991 189 1061 θῆναι.

141 1100 177 1139 ιιι.
192 1077 312 1137 Ἐκεῖθεν
331 1073 456 1142 πλέοντες
477 1078 513 1142 εἰς
531 1074 618 1150 ἕτερον
633 1075 748 1153 ἤλθομεν
767 1075 886 1151 ποταμὸν

102 1169 183 1244 μέγαν
204 1165 250 1223 καί
269 1164 385 1235 πλατὺν,
400 1163 515 1241 γέμοντα
538 1164 712 1243 κροκοδείλων
731 1164 777 1222 καί
796 1163 886 1221 ἵππων

102 1253 250 1328 ποταμίων.
281 1249 364 1312 Ὀθεν
376 1251 409 1322 δὴ
420 1252 501 1309 πάλιν
514 1251 726 1333 ἀποστρέψαντες
737 1254 772 1317 είς
784 1251 886 1331 Κέρνην

103 1340 296 1414 ἐπανήλθομεν.

140 1447 175 1487 tt.
188 1427 304 1486 Ἐκεῖθεν
316 1425 345 1483 δὲ
363 1425 406 1483 ἐπὶ
426 1426 593 1505 μεσημόρίαν
608 1424 772 1503 έπλεύσσμεν
784 1426 886 1484 δώδεκα

104 1516 222 1593 ἡμέρας,
237 1513 285 1584 τὴν
299 1519 348 1590 γῆν
361 1513 585 1593 παραλεγόμενοι,
596 1514 629 1586 ἣν
647 1523 737 1572 πᾶσαν
748 1512 884 1591 κατῴκουν

103 1604 228 1669 Αἰθίοπες
244 1601 381 1681 φεύγοντες
402 1606 474 1677 ἡμᾶς
488 1602 533 1660 καὶ
545 1604 595 1680 οὐχ
617 1601 804 1677 ὑπομένοντες·
818 1600 886 1658 ἀσύ-

103 1715 163 1749 νετα
174 1693 198 1748 δ’
212 1689 368 1770 ἐφθέγγοντο
378 1690 424 1748 καὶ
436 1698 490 1756 τοῖς
501 1688 557 1766 μεθ’
571 1693 647 1765 ἡμῶν
660 1689 786 1756 Λιξίταις.

143 1800 178 1839 ιτ.
202 1781 247 1857 Τῇ
269 1778 292 1836 δ’
310 1770 355 1836 σύν
376 1777 514 1856 τελευταίᾳ
534 1776 623 1857 ἡμέρορ
643 1776 885 1855 προσωρμίσθημεν

103 1866 173 1943 ὄρεσι
187 1866 313 1944 μεγάλοις
325 1866 441 1926 δασέσιν.
483 1856 537 1925 Ἦν
547 1864 576 1922 δὲ
589 1863 623 1921 τὰ
634 1866 687 1922 τῶν
700 1863 810 1944 δένδρων
822 1864 887 1932 ξύλα

104 1955 187 2024 stata
202 1977 233 2011 τε
245 1953 291 2012 καί
304 1954 423 2014 ποικίλα.

143 2063 177 2101 ιτ.
194 2041 424 2121 Περιπλεύσαντες
436 2038 464 2098 δὲ
478 2045 560 2098 ταῦτα
573 2038 676 2118 ἡμέρας
692 2038 737 2097 δύο
751 2038 887 2117 ἐγινόμεθα

103 2219 223 2272 currant,
246 2209 369 2279 proclivis
389 2209 504 2278 suspicio
524 2218 563 2260 est
579 2207 634 2259 illas
654 2209 721 2277 ipsas
738 2208 765 2258 in
785 2206 890 2275 Periplo

104 2298 193 2339 nostro
201 2287 345 2355 designari.
356 2288 468 2341 Obstare
479 2285 581 2338 videtur
590 2285 663 2355 quod
670 2287 766 2337 Hanno
777 2302 825 2354 per
835 2302 889 2336 ma·

103 2384 182 2433 gnum
199 2367 312 2417 llnvium
322 2368 446 2433 navigans
457 2365 491 2418 ad
499 2384 542 2418 eas
553 2366 681 2435 pervenit.
694 2367 796 2415 Verum
806 2367 890 2433 quum

104 2444 190 2496 multae
198 2445 227 2495 in
239 2444 357 2496 boesinu
368 2446 421 2495 sint
432 2460 572 2507 arenarum
579 2445 678 2507 tarnim,
694 2460 752 2513 quae
761 2441 817 2494 aliis
826 2452 892 2494 tem·

103 2522 213 2591 parribus
224 2522 282 2575 aliae
290 2541 346 2575 asse
355 2522 450 2586 solent,
458 2521 492 2573 ad
499 2524 565 2574 ostia
576 2523 721 2593 prasertim
733 2539 891 2589 magnorum

105 2602 245 2653 tluviorum
257 2618 265 2652 t
281 2600 451 2672 probabiliter
462 2610 575 2653 statuere
585 2601 647 2653 licet
657 2618 749 2653 arenas
758 2599 821 2651 olim
833 2618 892 2669 par-

105 2688 154 2729 tem
164 2680 240 2730 sinus
250 2678 340 2749 paullo
351 2678 420 2731 insta
431 2678 534 2731 Cernen
544 2679 628 2731 multo
640 2680 721 2747 magis
730 2696 810 2749 quam
820 2696 892 2730 nune

104 2757 283 2821 obstruxisse,
295 2758 333 2809 ita
346 2766 376 2807 ut
388 2758 459 2807 inter
472 2774 564 2809 arenas
577 2767 604 2808 et
624 2758 803 2809 continentem
826 2774 892 2807 non-

105 2837 151 2887 nisi
161 2835 300 2888 modicum
312 2837 426 2906 spatium
441 2835 643 2905 relinqueretur,
654 2834 726 2907 quod
738 2837 833 2888 Hanno
843 2853 893 2905 pro

103 2916 169 2968 ostio
180 2915 289 2968 Clrretis
305 2915 422 2968 lluminis
433 2914 531 2968 babere
548 2924 661 2986 poterat.
683 2915 725 2968 Ab
747 2913 892 2967 insularum

103 3007 175 3063 parte
195 2994 299 3047 boreali
315 3012 399 3064 usque
419 2993 453 3046 ad
473 2996 596 3047 intimum
619 2996 692 3047 sinus
709 3012 841 3046 recessum
866 2995 893 3046 in

103 3091 197 3143 mappa
211 3074 268 3125 oris
282 3074 420 3124 maritimae
434 3089 512 3142 quam
522 3083 583 3126 ante
596 3073 686 3125 oculos
698 3073 784 3125 habeo
801 3071 894 3143 (ζοντα

102 3152 133 3202 de
143 3153 170 3204 la
181 3157 241 3205 σόισ
253 3152 415 3205 οταίοίσιιιτιίε
423 3151 564 3223 d'Asrique
575 3151 669 3224 depuis
683 3152 705 3204 le
718 3171 769 3224 cap
781 3152 896 3222 Bojndor

98 3231 246 3300 jamqu'aax
258 3231 308 3282 llas
320 3229 353 3281 de
371 3233 432 3292 Les,
445 3230 550 3302 publice
560 3250 615 3302 par
627 3230 702 3282 ordre
718 3230 755 3282 du
771 3230 827 3292 roi,
843 3243 892 3284 etc.

105 3311 170 3376 ¹3²9
182 3309 204 3378 J,
219 3319 341 3360 trecenta
353 3307 406 3360 lere
417 3319 480 3361 snut
491 3309 589 3373 stadia;
603 3309 674 3378 quod
687 3310 714 3360 in
728 3309 823 3379 Peripli
835 3308 895 3380 ἣμε-

102 3387 186 3454 ρήσιον
204 3387 288 3440 πλοῦν
306 3389 369 3440 satis
392 3387 514 3457 quadrat.
531 3387 633 3456 Quodsi
654 3390 725 3440 enirn
746 3389 774 3439 in
793 3399 895 3442 antece·

103 3467 245 3532 dentibus,
258 3468 317 3520 ubi
342 3466 380 3519 vel
395 3479 456 3520 nota
478 3468 516 3520 vel
535 3466 639 3520 deserta
655 3468 732 3520 litora
754 3479 895 3538 praeterna-

104 3545 271 3612 vigabautnr,
301 3545 445 3614 quingenta
465 3545 518 3598 fere
545 3546 629 3598 stadia
649 3547 677 3598 iu
703 3545 759 3597 dies
780 3548 896 3617 singulus

104 3635 259 3695 computare
272 3624 378 3689 licebat,
392 3625 440 3677 alia
451 3627 519 3678 ratio
532 3636 572 3678 est
586 3624 650 3677 inde
666 3625 780 3678 aCerne
795 3627 894 3693 insula,

103 3721 184 3771 quum
196 3703 311 3772 singular
322 3702 406 3755 litoris
420 3714 543 3774 parasset
554 3705 696 3757 fluviorum
711 3706 778 3756 ostia
788 3715 814 3756 et
826 3707 896 3758 insu·

105 3782 142 3844 la‘,
149 3793 215 3845 ete,
223 3793 350 3834 accurate
356 3782 545 3852 perscrutanda
552 3793 654 3848 essent;
665 3782 736 3835 nude
744 3782 809 3834 litut
818 3785 897 3836 unius

930 911 1051 983 conjectu
1069 912 1226 985 depellentes
1247 932 1294 967 nos
1308 916 1451 985 quominus
1469 917 1653 986 egrederemur
1673 938 1717 971 na·

931 998 1007 1051 vibus
1022 1000 1225 1071 impediverunt.

969 1102 1011 1139 ιο.
1033 1086 1102 1137 Hine
1116 1068 1271 1155 navigantes'
1279 1088 1306 1137 in
1320 1086 1400 1139 alium
1412 1090 1530 1141 venimus
1542 1090 1651 1143 liuvium
1663 1109 1717 1143 ma-

930 1188 1013 1239 gnum
1036 1172 1185 1241 latumque,
1210 1173 1255 1243 qni
1279 1173 1372 1243 plenus
1395 1184 1451 1226 erat
1472 1176 1665 1229 crocodilorum
1692 1188 1718 1229 et

931 1275 1062 1328 equorum
1081 1258 1255 1311 fluviatilium.
1293 1258 1360 1311 Inde
1382 1258 1471 1313 denuo
1494 1263 1591 1315 reversi
1614 1264 1718 1315 (iernen

931 1347 1109 1416 repetivimus.

969 1451 1011 1486 11.
1031 1435 1099 1486 Hinc
1115 1434 1252 1487 meridiem
1265 1452 1354 1487 versus
1370 1437 1548 1505 navigavimus
1562 1456 1609 1508 per
1620 1438 1720 1491 duode-

931 1525 982 1575 cim
993 1523 1058 1587 dies,
1069 1542 1142 1577 oram
1151 1524 1272 1593 legentes,
1282 1543 1360 1596 quam
1371 1544 1477 1577 omnem
1488 1527 1610 1579 tenebant
1620 1528 1720 1579 dithio-

931 1628 976 1681 pes
991 1610 1119 1677 fugientes
1139 1629 1186 1663 nos
1207 1630 1255 1663 nec
1273 1622 1461 1681 exspectantes.
1479 1613 1607 1680 Linguam
1627 1632 1719 1665 eorum

933 1696 972 1749 vel
984 1697 1078 1748 Lixitae
1091 1697 1137 1766 qui
1156 1696 1293 1749 nobiscum
1312 1707 1400 1761 erant,
1419 1714 1473 1749 non
1495 1698 1681 1766 intelligebant.

970 1799 1013 1835 ια.
1030 1782 1130 1835 Ultimo
1142 1792 1229 1835 antem
1239 1783 1281 1835 die
1295 1783 1328 1836 ad
1343 1802 1451 1851 magnos
1460 1794 1486 1836 et
1497 1784 1605 1837 silvosus
1620 1796 1722 1837 montes

931 1869 1090 1940 appulimus.
1129 1870 1212 1939 Ligna
1222 1870 1347 1922 arborum
1361 1870 1471 1923 odorata
1483 1881 1557 1923 erant
1567 1873 1721 1942 generisque

933 1958 1007 2010 varii.

972 2046 1014 2098 13.
1035 2046 1082 2097 His
1096 2044 1229 2097 montibus
1241 2042 1315 2096 bidui
1326 2045 1491 2113 navigatione
1503 2046 1618 2097 circuitis
1630 2047 1656 2097 in
1672 2047 1720 2097 im·

935 2206 1006 2273 Ergo
1018 2204 1113 2255 fluvius
1127 2203 1238 2255 Bamoth
1251 2222 1297 2255 seu
1311 2203 1456 2255 behemoth
1466 2212 1506 2255 est
1523 2194 1618 2255 fluvius
1629 2204 1722 2273 hippo·

935 2283 1045 2353 potami.
1059 2307 1069 2327 ι
1088 2283 1150 2334 Haec
1161 2284 1322 2334 Boensnrus
1334 2282 1442 2351 optime.
1459 2278 1533 2332 Idem
1549 2280 1643 2333 ssuvius
1662 2284 1722 2335 Pto·

935 2360 1026 2412 lcmaeo
1038 2378 1065 2431 p.
1080 2377 1143 2428 αρτ,
1161 2377 1192 2429 17
1205 2360 1303 2412 dicitur
1318 2358 1374 2410 Νία.
1388 2358 1475 2409 Hodie
1489 2368 1529 2410 est
1542 2361 1656 2427 Sarangai
1669 2362 1723 2413 sive

935 2438 1049 2505 Sedigiti,
1066 2440 1103 2492 uti
1119 2450 1188 2491 recte
1200 2448 1317 2492 statuunt
1329 2437 1544 2505 Bougainvillius‚
1560 2439 1722 2503 Haeremus,

935 2520 1100 2581 Mannertus,
1116 2518 1238 2586 lllugius,
1255 2518 1380 2581 Ulertus,
1396 2518 1553 2581 Moversius,
1568 2516 1620 2569 alii.
1634 2520 1673 2570 Ne
1689 2519 1723 2571 de

937 2596 1051 2650 Gambiu
1060 2615 1120 2649 cum
1133 2596 1264 2649 Bocharto
1271 2597 1378 2665 cogites,
1390 2594 1490 2665 reliqua
1500 2596 1595 2667 Peripli
1609 2600 1723 2651 narratio

937 2674 1056 2746 impedit.
1072 2675 1201 2729 Gosselini
1216 2676 1346 2746 Gailiique
1357 2675 1492 2726 sententiae
1505 2692 1559 2727 non
1574 2686 1612 2727 est
1623 2694 1670 2729 cur
1684 2695 1724 2729 re·

937 2766 1102 2807 censeantur.

973 2837 988 2902 §
1001 2852 1042 2887 11.
1054 2834 1191 2905 μεσημθρ
1201 2834 1255 2901 ίαν]
1269 2832 1419 2903 μεσημὸρίας
1427 2830 1499 2895 cod.;
1510 2844 1539 2886 ut
1547 2838 1723 2891 accusativum

937 2912 1046 2984 pluralis
1060 2916 1182 2979 Gesner„
1197 2924 1225 2966 ut
1238 2914 1382 2982 genitivum
1394 2911 1531 2982 singularis
1544 2914 1655 2984 lllngius
1670 2918 1724 2970 vnl-

938 3003 1024 3062 gatam
1037 2994 1102 3046 male
1118 3004 1234 3046 tuentur.
1253 2995 1309 3063 jl-
1328 2991 1458 3045 ἀσύνετα
1472 2992 1494 3041 δ’
1513 2992 1725 3065 ἐφθέγγοντο]

942 3098 953 3118 ι
968 3073 1026 3125 Alia
1037 3075 1116 3142 igitur
1129 3091 1191 3142 gens
1209 3090 1330 3124 sermone
1350 3071 1520 3143 moribusque
1538 3071 1725 3128 dissonabant·

939 3170 992 3204 orae
1000 3164 1101 3223 partem
1110 3151 1164 3222 jam
1173 3162 1229 3203 turn
1236 3153 1361 3222 temporis
1372 3151 1511 3205 incolebat.
1521 3155 1612 3219 Quum
1625 3155 1726 3208 AEthio·

939 3249 1003 3302 pum
1016 3250 1113 3284 nomen
1131 3231 1172 3283 his
1193 3232 1273 3300 nigris
1292 3247 1433 3282 commune
1444 3233 1491 3296 sit,
1508 3232 1604 3284 mirum
1620 3252 1673 3287 uon
1686 3246 1726 3288 est

939 3309 1012 3379 quod
1034 3328 1133 3380 graecus
1155 3311 1284 3381 interpres
1299 3309 1418 3362 hocloco
1438 3309 1530 3362 eadem
1546 3329 1609 3364 voce
1632 3315 1724 3366 utitur.

940 3390 1099 3458 Interpretes
1113 3405 1219 3458 qnoque
1239 3387 1403 3451 sadaurusti,
1425 3389 1471 3458 qui
1492 3388 1560 3443 hauc
1574 3407 1646 3442 oram
1661 3409 1726 3460 pra·

940 3477 1069 3520 tervectus
1080 3477 1129 3532 est,
1139 3467 1236 3519 horum
1252 3468 1388 3536 nigrorum
1399 3467 1516 3536 lingnam
1528 3485 1582 3520 non
1595 3469 1726 3524 intellexe-

940 3556 1012 3598 runt.
1026 3571 1037 3591 ·
1055 3547 1192 3598 ltin-eras.

976 3628 1048 3692 §¹²-
1076 3625 1161 3694 ὄρεσι
1187 3623 1339 3695 μεγάλοις
1364 3625 1506 3694 δασέσιν]
1528 3627 1632 3679 Montes
1657 3629 1727 3682 silvis

942 3706 1054 3756 virentes
1068 3703 1181 3772 intellige
1196 3722 1246 3774 cap
1261 3707 1334 3756 Vert.
1351 3699 1481 3758 A'Cerne
1495 3705 1578 3758 insula
1591 3706 1727 3778 hucusque

941 3802 995 3836 orae
1008 3783 1145 3853 longitudo
1158 3794 1196 3835 est
1211 3782 1355 3836 stadiorum
1368 3785 1472 3836 circiter
1484 3788 1564 3850 4200,
1579 3785 1646 3839 adeo
1658 3799 1687 3840 ut
1700 3790 1727 3840 in

104 3859 154 3912 diei
163 3861 299 3929 navigatio
305 3858 361 3929 jam
371 3861 440 3912 inter
449 3861 501 3914 300
507 3871 534 3914 et
542 3866 595 3924 400
603 3861 687 3914 stadia
696 3862 871 3915 secontineat.
883 3864 894 3932 ΙΙ
941 3862 1057 3932 singulus
1071 3862 1126 3914 dies
1138 3861 1316 3933 computanda
1332 3864 1385 3915 sint
1396 3863 1479 3915 stadia
1492 3864 1553 3918 350.
1568 3865 1633 3918 Inde
1647 3885 1662 3919 a
1678 3886 1728 3939 cap

104 3969 139 3978 -
157 3939 273 4009 μεστὰ]
295 3940 334 3990 sic
350 3938 447 4004 codex;
470 3940 596 3992 Gelenius
610 3939 719 3992 dederat
739 3940 810 4010 psal.
831 3940 841 4007 ΙΙ
861 3972 898 3982 -
944 3943 1063 3995 Corneiro
1082 3940 1166 3993 stadia
1179 3952 1241 3994 sunt
1260 3941 1293 3994 ad
1313 3941 1397 4006 5000;
1420 3959 1499 4012 quem
1523 3953 1635 3997 tractum
1653 3947 1728 4018 Poly·

105 4020 242 4089 δέρματα
263 4019 373 4089 θήρεια
391 4019 593 4090 ἔνημμένων]
607 4020 647 4073 Cl.
662 4021 774 4073 Diodor.
787 4023 836 4085 111,
850 4025 895 4090 49,
942 4022 1001 4074 bins
1015 4038 1057 4092 ap.
1071 4021 1138 4075 Plin.
1152 4020 1169 4072 l.
1186 4020 1204 4073 l.
1223 4032 1352 4074 memorat
1366 4030 1489 4092 tanquam
1507 4021 1594 4074 sinum
1607 4043 1728 4094 nicrgmim

107 4101 137 4162 3;
149 4103 240 4152 Varro
253 4101 296 4151 De
314 4117 345 4150 re
362 4110 428 4151 rust.
441 4103 478 4163 ll,
496 4117 543 4163 113
558 4101 731 4171 Hippocrates
745 4103 785 4152 De
802 4101 897 4153 morbo
943 4105 995 4153 616
1007 4100 1073 4153 mill.
1091 4118 1167 4172 prise.
1186 4098 1275 4171 (i928
1295 4098 1396 4172 stad),
1412 4102 1458 4170 qui
1475 4119 1491 4155 a
1505 4101 1585 4156 borea
1598 4103 1729 4158 clauditur

108 4197 180 4231 sacro
191 4197 220 4249 p.
235 4180 309 4242 3023
325 4178 394 4230 areta
407 4180 433 4241 1,
445 4181 478 4242 83
491 4181 597 4230 Movers
609 4179 626 4231 l.
639 4179 657 4231 l.
672 4182 707 4242 ll,
720 4197 746 4249 p.
759 4183 820 4242 466.
834 4181 895 4233 568.
942 4181 1078 4234 Surrentio
1092 4179 1276 4250 promontorio
1289 4178 1298 4250 (
1311 4199 1361 4251 cap
1375 4180 1456 4232 Btaac
1470 4179 1509 4232 vel
1523 4183 1609 4251 potius
1630 4201 1653 4235 c.
1671 4187 1729 4237 Cor·

110 4261 169 4312 sao.
183 4266 193 4319 Ι
205 4257 356 4318 -λίθοις
368 4257 536 4326 βάλλοντες
545 4261 555 4325 ]
565 4257 677 4310 Diodor.
688 4259 706 4310 Ι.
718 4259 734 4310 Ι.
745 4275 751 4309 :
764 4257 897 4310 εὖθετώτα·
942 4259 1204 4331 ιιτίπο).1ι1οιιιείιιιιε
1217 4256 1288 4328 apud
1299 4258 1467 4310 Ptolemaeum
1476 4276 1503 4329 p.
1518 4275 1579 4328 αρτ,
1595 4266 1610 4311 6
1622 4273 1729 4315 vocatur

109 4356 145 4387 τοι
158 4337 219 4407 πρὸς
238 4338 335 4406 δρόμον
358 4337 400 4388 καὶ
416 4337 575 4389 λιθοόολίαν.
593 4337 634 4390 Cf.
650 4356 709 4408 quae
727 4337 761 4390 de
781 4339 897 4408 Libibus
947 4337 1072 4408 Ἕσπέριος
1081 4337 1181 4401 κόλπος,
1190 4339 1288 4409 (μύρρα
1297 4355 1375 4408 quem
1386 4335 1523 4389 meridiem
1533 4356 1621 4390 versus
1632 4339 1729 4395 claudit

110 4421 275 4473 Raleaiidum
291 4422 355 4472 iuss.
375 4431 464 4473 namt
482 4421 551 4472 idem
563 4422 599 4484 V,
615 4424 646 4473 ιθ
659 4431 686 4473 et
700 4421 792 4473 Ftorus
805 4424 853 4485 Ill,
870 4424 896 4484 8,
947 4415 1065 4487 Ἑσπέρου
1088 4417 1161 4486 Κέρας
1176 4416 1265 4486 dapem
1287 4417 1325 4468 sie
1338 4417 1409 4468 enim
1424 4426 1499 4468 vocat
1516 4421 1727 4486 promontorium

110 4503 176 4552 sicut
189 4519 250 4569 quae
259 4499 294 4552 de
303 4500 439 4552 Grumelris
453 4501 575 4568 leguntur
586 4499 657 4570 apud
670 4500 742 4564 Glas,
755 4519 782 4571 p.
796 4502 840 4554 25.
852 4519 896 4571 71.
943 4496 1050 4560 Virlde,
1064 4495 1129 4549 dum
1150 4495 1220 4566 apud
1239 4498 1394 4548 Hannonem
1410 4493 1528 4564 Ἑσπέρου
1546 4496 1632 4565 Κέρας,
1652 4500 1727 4551 sicuti

113 4581 144 4631 32
156 4591 183 4631 et
194 4581 270 4650 ltitey
280 4579 431 4632 aetat-sate
443 4598 470 4632 ιι.
482 4579 571 4632 liciace
583 4599 618 4632 (ιιι
630 4577 676 4631 cler
689 4581 835 4632 destitute
846 4581 902 4632 ιιιιιΙ
943 4576 1026 4628 Νότου
1044 4576 1132 4646 Κέρας,
1148 4593 1202 4628 non
1214 4576 1389 4646 promontorii
1404 4585 1443 4627 est
1456 4593 1569 4641 nomen,
1580 4577 1626 4629 sed
1640 4579 1727 4643 sinus,

115 4659 147 4711 im
166 4663 264 4710 limem
282 4657 420 4727 Afrilu's,
445 4659 900 4729 p.171‚194,citautellloversio
944 4655 977 4708 de
988 4675 1042 4726 quo
1053 4675 1112 4708 mor
1127 4655 1283 4708 videbimus.

113 4757 140 4809 p.
153 4740 215 4791 582.
980 4737 1048 4804 513.
1065 4735 1234 4806 ἐγινόμεθα
1244 4738 1253 4802 ]
1265 4733 1385 4805 γινόμεθα
1395 4733 1606 4798 edittetcodex,
1618 4747 1647 4788 ut
1659 4737 1730 4790 vide-

147 4821 162 4884 §
178 4835 219 4871 ιο.
239 4819 349 4887 ἕτερον
368 4817 530 4888 ποταμὸν]
546 4818 698 4870 Bantbotum
712 4816 835 4887 Polybius
855 4837 898 4889 ap.
945 4824 997 4867 tur.
1017 4816 1079 4866 Dies
1092 4813 1147 4868 duo
1161 4830 1243 4884 quum
1256 4831 1308 4865 non
1320 4813 1658 4883 inipsocireumllectcndo
1670 4833 1730 4886 pro-

115 4899 179 4951 Plin.
188 4899 224 4960 V,
238 4915 249 4948 1
262 4907 339 4949 vocat
351 4913 358 4948 ε
370 4897 479 4950 ΙνἸιιιιιτιι
491 4897 642 4949 eribotum
652 4894 790 4949 crocmlitts
805 4910 829 4949 rt
842 4898 901 4970 tip-

114 4975 259 5040 popotamir
276 4975 412 5044 refertum.
427 4975 526 5028 Eadem
538 4993 571 5027 ex
584 4974 669 5028 Plinio
689 4974 793 5026 Solinus
808 4994 831 5026 c.
855 4994 899 5046 27.

123 5075 133 5091 ·
148 5053 195 5105 Sed
207 5054 346 5124 legendum
358 5055 526 5118 ΒιιιιιοιΙιιιιιι,
539 5055 646 5106 nomine
657 5053 725 5106 laeto
736 5071 768 5105 ex
780 5056 899 5107 ΒιιιιιοιΙι.

121 5133 391 5202 ΒιιιιιοιΙιεειιῃγῃῃςγ
400 5133 899 5204 tetemetessetrtppoponmumtob.

120 5209 161 5271 θυ,
173 5226 212 5274 ιο,
223 5214 253 5264 iis
264 5214 430 5282 argumentis
443 5213 551 5282 probavi
565 5213 591 5264 in
604 5211 671 5264 libro
681 5213 721 5264 De
734 5213 900 5278 animalibus,

119 5307 174 5357 quar
186 5292 249 5345 virus
263 5294 446 5363 undecunque
458 5291 550 5345 doctos
564 5303 699 5346 traxerunt
715 5293 741 5344 in
756 5311 900 5345 assensum.

945 4895 1079 4946 montorio
1102 4895 1232 4946 consumti
1256 4894 1323 4956 siut,
1351 4891 1397 4944 sed
1418 4894 1565 4962 pertineant
1592 4911 1674 4962 usque
1696 4895 1730 4946 ad

945 4973 1085 5027 Gambiam
1103 4973 1231 5025 fluvium:
1249 4990 1299 5024 vox
1321 4971 1522 5040 περιπλεύσαντες
1535 4972 1633 5024 laxiore
1653 4991 1729 5025 sensu

945 5050 1100 5115 adhibetur,
1124 5062 1150 5103 et
1169 5050 1301 5122 περίπλουν
1325 5052 1499 5120 promontorii
1528 5060 1555 5101 et
1578 5063 1730 5120 sequentem

946 5133 1076 5185 montium
1092 5130 1233 5200 παράπλουν
1253 5129 1669 5201 comprehendens.Quamquam
1688 5151 1731 5186 ne·

946 5213 1002 5265 scio
1019 5231 1052 5264 an
1067 5211 1194 5282 scriptum
1218 5210 1298 5263 suerit
1320 5210 1532 5280 παραπλεύσαντες
1553 5209 1580 5262 δὲ
1594 5215 1669 5263 ταῦτα
1684 5211 1729 5282 igr.

948 5294 1001 5357 δύο,
1018 5303 1061 5346 aut
1078 5291 1280 5362 περιπλεύσαντες
1295 5291 1320 5344 tt
1336 5296 1422 5356 ταῦτα,
1438 5289 1534 5360 [μετὰ]
1552 5288 1595 5361 ἥρ.
1611 5291 1654 5342 δύο
1672 5290 1708 5362 ἔγ.
