3950 5925
555 429 605 489 un
628 428 815 489 nauuouu
835 408 1190 490 ctutuaetmnuse?
1283 442 1286 447 ·
1593 450 1680 495 ιιιο

64 560 288 630 confirmantur,
300 558 380 636 quod
391 556 487 617 insula
500 578 565 635 qnae
578 559 615 616 ad
626 558 747 637 Hesperi
760 578 853 618 cornu
894 561 1083 639 scriptionem
1096 578 1191 638 neque
1204 560 1236 619 in
1248 559 1400 619 Cercinam
1415 580 1511 639 neque
1521 562 1552 620 in
1567 563 1681 622 Cernen

64 660 128 727 sita,
154 655 245 713 aliam
272 655 398 713 insulam
424 656 455 712 in
476 654 674 732 λιμνοίαλιίσσῃ
699 654 854 733 complecti
894 655 1084 715 llannonesm
1099 656 1220 725 cadere,
1239 654 1319 733 quod
1332 675 1404 714 vero
1421 657 1681 737 deanroetpuel·

64 752 183 823 dicitur,
200 750 357 809 manifesto
367 764 413 809 est
425 750 568 810 hodierne
578 754 708 825 Hararrg.
723 751 856 829 Denique
895 751 932 809 lis
950 750 1091 825 aurilessis
1108 764 1254 819 narratur,
1271 750 1376 809 reierri
1393 769 1453 809 uon
1466 770 1553 829 porse
1572 754 1631 811 nisi
1643 754 1681 812 ad

65 868 126 925 quae
140 847 179 905 de
201 848 309 905 ultimo
326 846 384 904 boc
407 860 501 905 tractu
521 861 677 907 narrantur
695 846 801 907 sabulis
814 849 856 908 si·
895 847 1505 925 libycemeridionalisregionesauriferas,
1512 847 1564 907 ubi
1571 848 1682 925 llungo

5 1004 8 1013 ,
66 944 157 1015 milia,
183 942 267 1001 taciti
285 942 406 1019 negotio
423 942 459 1001 ad
473 943 624 1000 veritatem
640 944 770 1003 revocari
785 944 856 1003 satis
895 944 972 1002 Pari
983 942 1132 1021 inltin.p.
1144 962 1277 1021 aposqq.
1292 950 1544 1017 testaturjerrrr'nas
1553 944 1682 1003 inurens

63 1039 121 1115 jam
136 1052 267 1097 constat.
895 1052 924 1097 et
945 1041 1008 1098 luto
1028 1040 1188 1098 fluuiorum
1214 1058 1318 1098 aurum
1343 1040 1484 1117 colligere
1507 1054 1536 1098 et
1559 1042 1681 1100 collecta

100 1136 149 1193 38.
162 1134 307 1212 Superest
318 1146 351 1191 ut
362 1134 464 1212 paucis
474 1153 670 1213 exponamus,
684 1154 749 1213 quae
759 1134 795 1193 de
805 1154 857 1194 re-
896 1152 984 1210 grana
998 1135 1030 1193 in
1040 1155 1198 1210 pennmum
1215 1138 1333 1191 alveolis
1344 1154 1493 1213 reponere.
1504 1135 1638 1194 Ceterum
1649 1138 1680 1195 in

62 1228 203 1305 gionibus
232 1242 263 1287 ct
281 1231 467 1289 commerciis
486 1230 524 1289 ab
541 1231 683 1290 llatmone
704 1232 856 1310 patefactis
896 1230 961 1304 ipsa
977 1230 1190 1289 insuluaurnm
1205 1231 1306 1306 colligi
1326 1250 1430 1309 parum
1451 1230 1606 1311 probabile
1620 1246 1680 1305 est;

61 1328 190 1385 seriores
201 1328 365 1405 scriptores
375 1328 555 1407 acceperint,
570 1342 599 1385 et
611 1328 758 1407 quomodo
769 1333 856 1387 Han·
896 1326 1080 1386 subindicari
1100 1329 1199 1406 potius
1218 1329 1317 1387 insula
1333 1326 1461 1399 videtur,
1479 1347 1515 1386 ex
1534 1345 1593 1405 qua
1614 1329 1684 1387 Car·

62 1425 149 1481 nonis
161 1424 301 1481 narratio
316 1425 409 1481 variis
425 1426 595 1505 commentis
609 1442 709 1482 ansam
730 1423 854 1484 dederit.
898 1420 1094 1497 thaginienses
1106 1442 1172 1480 cum
1189 1422 1367 1481 continentis
1380 1421 1521 1496 aurilegis
1533 1441 1620 1498 agere
1633 1444 1680 1482 so·

63 1524 101 1578 Ac
112 1523 249 1597 primum
261 1519 380 1597 quidem
394 1518 559 1577 Herodotus
572 1517 630 1593 (tv,
651 1518 717 1595 196)
735 1530 851 1576 narrat:
898 1516 1001 1575 lerent.
1017 1516 1094 1576 Fieri
1107 1530 1203 1595 potest
1221 1530 1252 1575 ut
1271 1518 1334 1575 haec
1353 1517 1392 1575 sit
1404 1516 1500 1575 Cerne
1512 1516 1681 1589 Hannonis3

61 1615 174 1693 Λέγουσι
182 1615 335 1673 δὲκαὶτοίδε
345 1613 529 1693 Καρχηδόνιοι·
537 1604 602 1671 εἶναι
610 1611 853 1691 τῆςλιὸύηςχῶρύν
899 1626 1023 1673 ettamen
1040 1632 1131 1691 quum
1155 1632 1250 1691 neque
1271 1632 1378 1673 nornen
1392 1630 1488 1690 neque
1507 1626 1601 1672 cetera
1612 1617 1682 1674 satis

60 1734 86 1769 τε
101 1712 147 1769 καὶ
163 1712 323 1792 ἀνθρώπους
334 1709 383 1779 liu
402 1709 557 1788 Ἡρακλέων
571 1708 687 1781 στηλέων
697 1708 855 1786 κατοικημί-
899 1712 1092 1781 conveniant,
1110 1712 1211 1768 nescio
1233 1730 1269 1769 an
1291 1712 1389 1789 sptius
1404 1711 1550 1768 conteram
1568 1710 1689 1798 mytho-¹

60 1829 125 1881 κους,
138 1806 242 1874 ἓςτοιλς
255 1807 336 1867 ἐπεὰν
347 1804 495 1864 ἀπίκωνται
504 1805 550 1865 καλ
559 1805 738 1875 ἕξίλιυνσοιτίι
748 1806 852 1885 φορτία,
899 1806 995 1881 logica
1010 1806 1131 1864 Diodori
1143 1806 1208 1881 llll,
1219 1804 1280 1887 bl).
1300 1806 1330 1865 ls
1344 1807 1422 1865 enlm
1439 1826 1535 1885 prope
1552 1806 1683 1885 llesperu

61 1906 144 1967 θέντες
168 1901 242 1961 αὐτὰ
265 1901 358 1972 lotii<
376 1898 450 1978 παρὰ
472 1900 518 1971 τὴν
541 1900 713 1979 κυματωγὴν,
733 1900 855 1968 ίσὸοίντες
899 1920 980 1961 ceras
1000 1903 1084 1961 novit
1102 1888 1269 1980 Κεραύνια
1284 1901 1350 1982 ὄρη,
1362 1916 1391 1961 et
1401 1902 1488 1978 juxta
1499 1903 1573 1959 bane
1586 1904 1684 1978 regio·

62 1999 84 2061 ἐς
98 1996 131 2053 τὰ
143 1999 230 2053 πλοῖα
246 1996 336 2077 τύρειν
354 1994 469 2055 καπνόν·
483 1997 543 2063 τούς
559 1998 582 2053 δ’
594 1996 750 2077 ίπιχωρίους
766 1996 855 2074 λδομί·
899 2018 964 2057 nem
984 1999 1070 2078 ponit
1091 1999 1260 2077 llesperiam
1281 2002 1459 2057 Amazonum
1473 1998 1598 2056 insulam
1613 1998 1684 2056 satis

64 2116 117 2158 κους
131 2095 178 2151 τὸν
194 2093 298 2151 καπνὸν
324 2094 388 2151 livet
403 2092 446 2149 ε’πί
470 2090 517 2163 τὴν
532 2092 668 2151 θάλασσαν
689 2092 734 2151 καί
755 2090 855 2151 ίπειτεν
899 2114 1033 2172 magnam
1047 2116 1081 2154 ac
1095 2094 1230 2172 frugibus
1241 2095 1421 2171 gemmisque
1429 2094 1550 2152 divitem
1560 2116 1569 2167 ;
1580 2093 1684 2153 Hanno

66 2189 179 2245 ἀντίτῶν
188 2185 562 2267 φορτίωνχρυσὸντιθίναικαὶ
570 2186 757 2267 ίξκναχοιρίειν
764 2186 855 2265 πρόσω
899 2211 972 2251 veru
984 2193 1020 2251 ad
1036 2193 1169 2270 llesperu
1182 2210 1274 2249 cornu
1289 2202 1430 2248 memorat
1439 2194 1517 2260 νῆσον
1531 2192 1684 2269 μιγσίλην

64 2282 112 2337 ἀπὸ
131 2286 185 2339 τῶν
213 2282 341 2361 φορτίων.
367 2280 435 2346 Tolle
454 2280 483 2339 dl
506 2280 703 2361 Καρχηδονίους
726 2282 855 2348 infidum<
898 2285 953 2344 κοί
977 2288 1011 2343 ir
1030 2285 1166 2365 τῇνήσῳ
1190 2285 1306 2361 λίμνην
1324 2284 1483 2355 θαλασσώδη
1509 2286 1545 2361 (s
1563 2286 1634 2361 sil:
1652 2298 1685 2343 ut

64 2377 244 2455 σκέπτεσθαι,
258 2378 304 2435 καὶ
320 2376 352 2447 ἢν
376 2376 424 2453 μίν
436 2378 562 2459 φαίνηταί
583 2400 628 2459 σφι
649 2378 718 2447 ἄξιος
731 2383 746 2437 l
759 2379 855 2459 χρυσὸς
899 2378 1535 2462 hancesseliripcmuHerodotiduxerim(”).
1546 2380 1682 2457 Ututest,

64 2479 113 2531 ιιῖιν
136 2475 269 2553 populor,
294 2474 445 2550 ἀνελόμενοι
465 2474 696 2549 ἀπαλλάσσονται,
715 2473 748 2546 ἢν
770 2474 799 2533 tl
816 2472 854 2552 μὴ
900 2498 989 2556 quum
1000 2477 1185 2557 pretereade
1196 2480 1252 2536 isto
1264 2476 1329 2534 anri
1338 2478 1526 2547 commercio,
1538 2474 1685 2553 quodprae

67 2572 141 2639 ἐξιος,
149 2570 279 2635 irriderer
290 2568 375 2626 ὀπίσω
383 2571 410 2636 ἐς
422 2567 456 2627 τὰ
466 2570 545 2626 πλοῖα
553 2568 691 2642 κατίαται,
701 2573 727 2628 cl
736 2567 764 2628 tl
773 2592 853 2650 προσ·
900 2575 1005 2634 ceteris
1018 2575 1076 2633 buc
1097 2574 1233 2633 allexisse
1254 2572 1511 2647 Carthaginienses
1535 2583 1685 2629 consenta-

65 2665 177 2729 ελθόντες
191 2664 275 2722 ἄλλον
288 2663 352 2743 πρὸς
363 2653 400 2721 titt
422 2662 517 2734 ἔθηκαν
533 2664 643 2743 χρυσὸν,
658 2666 685 2731 lt
705 2655 735 2723 tl
747 2664 779 2722 ἂν
793 2665 852 2723 πεί·
900 2688 999 2729 neum.
1019 2669 1094 2728 nihil
1111 2670 1147 2727 ad
1162 2689 1217 2727 nos
1238 2666 1479 2744 transpirarerit‚
1501 2666 1584 2725 vides
1596 2686 1683 2744 quam

65 2768 136 2818 ουσι.
152 2760 282 2819 ’Alcaico
306 2760 332 2816 ll
352 2759 515 2839 odlrrlpoue·
537 2758 597 2818 οὔτε
619 2760 671 2839 γίιρ
695 2758 789 2827 αὐτούς
809 2766 855 2819 τοῦ
900 2766 1002 2824 sedulo
1014 2766 1097 2824 Poeni
1111 2783 1280 2823 arcanasua
1293 2762 1495 2822 custodierint.

65 2860 162 2931 χρυσοῦ
178 2853 314 2912 ἅπτεσθαί
335 2852 397 2931 πρὶν
416 2854 447 2910 ἄν
468 2874 514 2935 titt
528 2856 648 2933 luteum]
667 2856 700 2934 τ”,ί
721 2853 780 2933 ἀΕίῃ
803 2858 855 2913 τῶν
942 2871 993 2931 lo.
1005 2860 1076 2919 Post
1090 2861 1268 2919 llerodotum
1280 2871 1489 2937 extemporum
1502 2858 1606 2916 ordine
1618 2878 1685 2917 me-

66 2950 186 3027 σορτίσυν,
199 2948 257 3008 οὔτ’
269 2946 382 3016 ἐκείνους
395 2950 447 3006 τῶν
462 2948 572 3028 φορτίων
588 2947 716 3008 ἅπτεσθαι
730 2948 855 3031 πρότερον
901 2957 1062 3016 morandus
1071 2955 1205 3014 videatur
1220 2954 1327 3032 Scylax
1335 2998 1344 3028 ‚
1359 2953 1446 3031 cujus
1458 2953 1591 3032 per-ipius
1612 2954 1683 3012 mi.

67 3043 82 3112 ἢ
98 3043 171 3102 sitsi
186 3043 219 3102 τὸ
229 3043 341 3122 χρυσίον
353 3041 467 3103 loibum.
481 3043 563 3102 Patet
572 3044 705 3103 haecauri
718 3065 857 3104 commer-
899 3063 968 3131 ptus
977 3065 1022 3111 est
1036 3053 1137 3130 paucis
1147 3051 1232 3110 annis
1242 3063 1308 3108 ante
1322 3069 1443 3125 regnum
1455 3047 1614 3107 Alexandri
1624 3049 1685 3109 bla-

66 3141 107 3196 cia
117 3139 270 3218 pertinere
279 3137 316 3195 ad
327 3137 461 3212 regiones
476 3138 705 3216 quaeameridie
716 3153 784 3198 sunt
795 3161 855 3198 ma·
901 3148 962 3222 gni.
989 3149 1123 3205 Attamen
1147 3165 1213 3223 quae
1236 3146 1268 3204 in
1295 3143 1424 3221 Scylacis
1446 3143 1600 3222 periples
1630 3165 1685 3202 rra

67 3237 113 3310 gni
142 3235 273 3307 deserti;
305 3235 446 3292 rationem
473 3255 545 3293 vero
576 3255 663 3313 quem
690 3236 855 3296 llerodotus
901 3260 932 3318 p.
950 3261 985 3316 9¹
999 3261 1065 3315 sqq.
1078 3238 1229 3316 deLibyae
1243 3257 1352 3297 oceano
1360 3239 1510 3313 leguntur,
1524 3250 1624 3315 postea
1635 3237 1685 3296 de·

67 3329 220 3401 describit,
236 3329 325 3387 etiam
339 3328 553 3390 recentioribus
576 3330 758 3408 temporibus
773 3329 856 3390 obti—
901 3356 981 3394 mum
1006 3335 1125 3394 aliunde
1148 3353 1262 3392 annexa
1277 3353 1341 3393 esse
1363 3352 1401 3391 ex
1426 3347 1487 3390 toto
1510 3333 1686 3391 narrationis

69 3447 132 3485 nere
144 3428 280 3484 viatores
295 3437 437 3484 testantur
450 3427 501 3502 (*)·
901 3432 1004 3492 babitu
1027 3432 1193 3508 colligitur3
1216 3431 1326 3508 quibus
1339 3429 1414 3488 adde
1432 3440 1577 3486 auctorem
1598 3428 1687 3506 bujus

105 3523 153 3598 39·
174 3521 259 3580 ldem
277 3521 443 3578 Htt⁰d0tttt
459 3519 507 3597 lv,
526 3521 580 3596 ¹95
599 3520 698 3581 :llari
709 3519 814 3589 τνίτννσ
828 3522 855 3580 dl
901 3527 1006 3606 capitis
1020 3527 1096 3586 duos
1106 3525 1277 3584 adhibuisse
1287 3525 1380 3583 sontes
1390 3523 1526 3599 etinepte
1536 3523 1687 3582 miscuisse

30 3623 37 3634 '
70 3617 138 3690 (tric
161 3617 301 3686 Γύζαντες
314 3616 322 3695 l
335 3617 441 3694 λέγουσι
457 3615 635 3697 Καρχηδόνιοι
654 3616 759 3676 κέεσθαι
778 3623 856 3690 νῆσον
901 3621 913 3702 ί
925 3643 954 3678 ν.
978 3635 1040 3680 not.
1062 3642 1093 3699 p.
1110 3641 1145 3698 9¹
1158 3622 1179 3696 ).
1201 3621 1243 3678 Ac
1261 3622 1452 3697 posteriorem
1474 3630 1584 3676 etatem
1599 3619 1686 3676 etiam

69 3712 216 3788 τῇούνομα
232 3701 301 3768 εἶναι
317 3713 460 3790 Κύραυνιν,
477 3716 559 3786 μῆκος
571 3711 618 3788 μίν
633 3713 771 3782 διηκοσίων
786 3736 857 3772 στα·
902 3717 1097 3795 geographica
1104 3726 1290 3774 narratorum
1299 3715 1376 3774 ratio
1384 3713 1561 3772 subindicat.
1572 3711 1686 3771 Etenim

70 3809 135 3878 ὃὲοιν,
153 3807 260 3872 πλάτος
288 3807 315 3863 lt
337 3803 451 3880 στεινὴν,
477 3805 602 3865 lisiardi
625 3809 654 3865 ix
669 3811 713 3880 τῆς
730 3807 855 3886 ἠπείρου,
902 3811 1041 3890 Libycam
1057 3830 1139 3870 oram
1156 3830 1216 3868 non
1232 3809 1317 3867 novit
1330 3810 1457 3886 scriptor
1471 3807 1530 3865 nisi
1541 3827 1634 3885 usque
1650 3809 1687 3866 ad

68 3903 173 3962 ἐλαιέων
189 3926 222 3960 τε
240 3901 341 3979 μεστὴν
361 3902 408 3961 καί
433 3903 569 3979 ἀμπελοιν·
586 3903 681 3980 λίμνην
703 3903 730 3962 lt
747 3906 774 3962 ίν
789 3906 856 3982 αὐτῇ
903 3907 1008 3967 Lixum
1029 3909 1152 3967 flurium
1173 3921 1202 3964 et
1220 3906 1338 3965 initium
1358 3905 1474 3963 deserti.
1494 3904 1567 3962 Cum
1582 3906 1687 3964 ultimo

69 3991 144 4068 εἶναι,
156 4003 187 4057 ἐκ
201 4003 251 4070 τῆς
266 4001 294 4056 ai
306 3998 430 4078 παρθένοι
441 4001 492 4056 τῶν
502 3999 649 4080 ίπιχωρίοιν
658 4008 776 4080 πτεροῖσι
789 3999 856 4080 ὀρνί·
902 4018 997 4064 autem
1009 4023 1068 4065 orae
1081 4017 1158 4063 notae
1167 4008 1293 4062 termino
1302 4001 1454 4080 componit
1463 4001 1549 4059 etiam
1559 4000 1684 4074 Cernen,

69 4095 308 4176 ίνννιτχρνμίνονσν
320 4093 402 4173 πίσσῃ
414 4093 579 4166 &titilius
588 4097 683 4176 ψῆγμα
696 4094 855 4176 ἀναφέρουσι
902 4101 1036 4159 ultimam
1054 4118 1142 4178 quam
1158 4109 1281 4156 noverat
1301 4096 1438 4168 insulam,
1449 4095 1604 4153 duodecim
1619 4095 1687 4153 die-

69 4199 176 4270 Ιχρυσοῦ.
194 4193 232 4250 ln
245 4191 355 4270 quibus
365 4192 516 4268 Cyraunin
528 4193 655 4252 insulam
665 4192 786 4271 plurimi
803 4203 858 4266 (ut
903 4215 967 4253 rum
989 4195 1177 4270 navigatione
1191 4213 1209 4252 a
1224 4193 1297 4250 freto
1312 4192 1484 4266 distantem,
1503 4190 1580 4247 ultra
1600 4209 1685 4266 quam

72 4291 195 4367 liennel,
209 4289 363 4362 Mannert,
379 4290 430 4347 alii
445 4291 453 4368 l
470 4289 528 4348 dici
544 4303 662 4348 censent
672 4289 799 4367 Syrtidis
813 4292 858 4350 in·
903 4311 981 4350 mare
993 4289 1137 4348 brevibus
1153 4303 1181 4348 et
1195 4309 1280 4346 coeno
1296 4287 1471 4346 obstruitur.
1487 4285 1592 4343 Verum
1608 4299 1640 4344 ut
1650 4286 1687 4344 de

71 4387 159 4442 sulam
174 4385 331 4442 Cercinam
342 4383 388 4442 rel
401 4383 579 4458 Cercinitin‚
596 4385 646 4442 alii
662 4403 732 4442 vero
743 4385 856 4444 Cernen
902 4389 960 4446 situ
975 4387 1079 4446 insulae
1090 4406 1193 4464 parum
1208 4384 1397 4444 accuratavel
1410 4382 1577 4460 accepitvel
1592 4382 1687 4455 linxit,

74 4482 225 4540 Hannonis
240 4481 367 4539 indicari
382 4493 498 4558 putant,
518 4494 551 4539 ut
564 4480 766 4558 Castiglionia
793 4481 857 4540 11ae-
902 4485 945 4542 sic
956 4483 993 4542 de
1007 4496 1180 4555 mercatura,
1193 4501 1279 4559 quam
1301 4483 1332 4540 in
1353 4480 1446 4538 Cerne
1456 4479 1558 4538 insula
1571 4499 1686 4538 exerce-

71 4579 132 4636 brio
154 4578 192 4635 ad
217 4577 397 4635 Herodotum
422 4577 442 4637 l.
466 4577 486 4635 Ι.
509 4577 656 4647 laudatus,
681 4577 857 4638 Niebubrius
902 4593 966 4638 rent
976 4579 1242 4654 Carthaginienses,
1252 4579 1322 4636 sutis
1334 4575 1425 4633 multu
1435 4574 1522 4634 babet
1537 4576 1687 4652 quaealius

70 4687 77 4750 l
91 4681 189 4730 Kleinc
196 4671 345 4744 Schriften
355 4672 380 4750 l,
392 4693 423 4751 p.
441 4673 521 4750 148),
534 4670 698 4732 llloversius
711 4672 760 4749 (in
771 4675 857 4730 Ersclr
902 4695 988 4734 nemo
1010 4673 1113 4746 trudit;
1128 4673 1193 4732 auri
1215 4686 1310 4731 tamen
1329 4670 1536 4728 commercium
1550 4689 1609 4728 non
1626 4689 1685 4727 nte·

68 4792 94 4828 ο.
108 4773 347 4838 Gmbertom.al
360 4789 389 4848 p.
403 4767 491 4849 366).
504 4769 621 4828 Certum
632 4769 857 4828 estinsulrede-
898 4785 1003 4831 morat.
1025 4769 1189 4830 Notandum
1203 4753 1290 4828 etiem
1312 4767 1444 4839 Cernen,
1464 4786 1552 4843 quern
1572 4766 1687 4824 colonis

97 4927 128 4982 λ’)
139 4926 169 4972 V.
188 4927 221 4974 Di
239 4925 329 4973 Murco
342 4921 403 4970 Polo
419 4919 512 4984 eluti
527 4920 594 4972 ollrt
610 4923 765 4984 uinculatum
778 4923 919 4992 'Veneriam
939 4925 986 4985 plu
1001 4922 1103 4972 illustri
1114 4921 1157 4972 del
1171 4925 1197 4972 P.
1211 4921 1256 4971 Ab.
1274 4923 1305 4971 l).
1321 4917 1419 4969 Placido
1434 4917 1515 4968 zurla.
1526 4919 1611 4968 venet
1626 4921 1687 4966 tttn

69 5006 90 5053 p.
106 5001 147 5044 tte
161 5007 213 5058 σος
227 4994 302 5044 straw
320 4995 424 5052 Belesi,
437 5006 463 5056 p.
476 4993 611 5055 οοσςλοίιο
623 4993 709 5042 wlede
723 4997 796 5044 lteire
811 4997 839 5043 tu
854 4992 897 5042 dle
906 4994 1028 5044 Berlerer'
1041 4997 1102 5044 tom.
1116 4997 1147 5054 11,
1161 5007 1184 5056 p.
1199 4997 1258 5044 tlt.
1268 4990 1516 5053 tloesttlocltrlellee
1530 5002 1579 5040 εοκ
1596 4992 1645 5038 r'ez
1657 5002 1684 5038 ιι.

70 5067 190 5116 rlcrollu
202 5080 225 5128 p.
237 5070 294 5116 ²79.
306 5063 468 5125 Allcemelue
478 5066 590 5114 distorte
603 5062 650 5112 der
660 5067 775 5114 ltelseut.
787 5067 818 5124 ll,
826 5078 850 5126 p.
862 5069 903 5126 7ο,
913 5066 1003 5115 sitente
1010 5063 1139 5114 llorersio.
1150 5062 1218 5114 Adde
1224 5077 1281 5126 que
1289 5062 1384 5123 mlleeil
1395 5059 1504 5112 Belum
1514 5057 1629 5108 neum.
1640 5060 1656 5106 Ι.
1667 5059 1684 5107 l.

99 5139 145 5198 (”)
161 5137 312 5199 Apollonios
322 5135 378 5184 ttir.
394 5147 419 5182 c.
437 5141 466 5184 ts
478 5134 628 5185 trutinet:
642 5135 746 5198 Σκύμνος
763 5135 788 5186 lt
799 5137 879 5192 litte:
894 5139 936 5194 τήν
951 5137 1230 5198 Βρεττανικὴννπρον
1239 5132 1413 5197 λίγιιεσαὸοιν
1423 5129 1686 5192 ‘turmore-vu

70 5204 213 5268 emersus
224 5205 348 5268 ιίιννσίνν
358 5203 384 5250 u
394 5202 488 5266 tveifl
500 5205 529 5252 τὰ
541 5205 674 5266 γεννήματα
685 5205 806 5269 tutem,
818 5207 868 5256 olor
883 5209 925 5264 τὰς
943 5206 1022 5263 itate<
1039 5211 1142 5268 οοοννι
1155 5207 1189 5268 νὴ
1207 5209 1270 5270 tzur
1281 5207 1341 5268 oret
1361 5203 1444 5266 lites
1461 5200 1571 5264 streete
1584 5201 1643 5261 erit
1653 5201 1689 5250 rt

68 5275 150 5337 ἐμφερῆ
160 5279 262 5333 τούτοις.
275 5280 301 5325 ln
316 5274 355 5323 liis
367 5272 452 5322 σσσσίο
460 5287 492 5324 eu
506 5275 551 5337 leg.
564 5273 596 5325 sil
607 5275 650 5332 τίςι
660 5277 811 5338 Ιίιραυνικήν.
821 5279 894 5328 certe
907 5277 1030 5340 quadrant
1041 5289 1098 5338 qum
1112 5276 1143 5326 dc
1155 5276 1228 5338 liujus
1238 5275 1322 5326 insutu
1334 5273 1428 5324 ambitu
1437 5272 1586 5332 Herodotus,
1595 5271 1628 5322 de
1638 5272 1685 5322 ler-
1697 5310 1703 5320 .

67 5347 151 5396 titrtate
166 5347 286 5396 Diorlorus
300 5343 422 5408 produnt.
