3950 5925
213 386 268 439 2³4
712 380 896 441 ANONYllll
921 381 1038 457 (ιύεοο
1060 384 1206 446 sctum
1227 385 1324 465 Cllll)
1729 396 1836 475 (οηεε.)

267 502 320 563 ἀπὸ
337 505 490 585 Κιμμερίων
501 506 549 581 μὲν
563 506 705 587 βαρθοίρων
719 508 883 581 κεκλημένη,
1044 522 1121 575 obvia
1130 523 1169 588 lit,
1180 523 1353 576 aCimmeriis
1361 523 1479 578 barbaris
1489 529 1634 592 nominata,

265 591 349 659 κτίσις
362 592 492 671 τυράννων
504 592 527 651 δ’
541 584 606 652 odon
619 598 670 652 τῶν
681 596 707 653 ir
721 595 866 675 Βοσπόρῳ,
1042 606 1149 658 condita
1160 617 1247 659 autem
1260 609 1402 677 atyranais
1413 610 1580 680 Bosporanis,

271 678 361 750 Κῆπός
371 682 396 737 τ’
408 683 589 741 ἀποικισθείσα
603 680 647 739 διὰ
661 682 809 753 Μιλησίων.
1042 709 1072 743 ac
1084 693 1181 763 Cepus,
1191 711 1207 745 a
1217 694 1325 747 Milesiis
1333 692 1448 747 deducta
1459 694 1572 749 colonia.

212 871 252 910 auo
615 854 866 919 ....Μοσιίνοικοι....
1441 872 1631 941 Memmi...

266 938 333 999 έθεσι
346 938 435 1015 νόμοις
444 938 527 1019 ἔργοις
541 964 569 999 τε
586 942 803 1022 βαρὸαρωτατοι·
1042 954 1170 1017 moribus,
1184 954 1283 1022 legibus
1296 955 1421 1026 lactisque
1430 958 1544 1010 maxime
1557 958 1672 1013 barbari.

265 1027 344 1106 φασίν
355 1027 406 1108 γὰρ
416 1030 443 1087 iv
454 1028 590 1097 ξυλίνοισιν
600 1032 708 1110 ὑψηλοῖς
719 1030 742 1088 τ’
752 1032 819 1108 ἄγαν
1042 1041 1126 1094 Aiunt
1139 1042 1210 1093 enim
1219 1042 1248 1092 in
1256 1040 1347 1109 ligneis
1356 1053 1383 1094 et
1396 1042 1472 1095 valde
1483 1044 1590 1097 excelsis
1667 1037 1671 1042 ⁴

264 1114 371 1194 πύργοις
385 1119 491 1177 ἐνοικεῖν
501 1117 610 1191 πάντας,
625 1120 652 1175 έν
666 1122 770 1199 φανερῷ
781 1118 803 1176 δ’
818 1120 858 1177 ἀεί
1042 1127 1160 1179 turribus
1169 1144 1261 1179 omnes
1270 1128 1398 1193 babitare,
1409 1130 1437 1181 in
1446 1140 1539 1201 aperto
1548 1142 1637 1186 autem
1650 1150 1754 1204 semper

258 1200 363 1261 ἕκαστα
374 1204 509 1285 πράττειν,
524 1204 568 1263 τὀν
579 1204 601 1263 δ’
611 1208 710 1264 ἑαυτῶν
719 1207 829 1286 βασιλέα
1042 1215 1164 1283 quaelibet
1176 1216 1275 1279 lacem
1286 1232 1369 1287 porro
1379 1235 1466 1287 regem
1475 1236 1554 1271 suum

212 1308 251 1347 οοο
265 1290 401 1366 δεδεμένον
413 1296 440 1351 έν
452 1291 546 1371 πθργιρ
557 1316 585 1351 τε
599 1293 834 1371 συγκεκλεισμένον
1043 1301 1153 1353 vinculis
1164 1302 1336 1354 constrictum
1344 1314 1370 1355 et
1380 1304 1447 1357 turri
1461 1305 1590 1358 inclusum

264 1380 353 1458 τηρεῖν
366 1382 511 1457 ἐπιμελῶς,
522 1378 571 1452 τὴν
585 1380 713 1439 ἀνωτάτω
722 1381 818 1460 στέγην
1042 1406 1224 1459 summamque
1235 1387 1292 1458 ejus
1302 1390 1525 1459 contignationem
1534 1404 1706 1463 occupantem

266 1464 286 1522 ί·
299 1489 379 1545 οντα,
394 1470 448 1535 τοῖς
460 1474 600 1549 φρουροῦσι
614 1470 636 1527 δ’
651 1469 729 1527 αὐτὸν
743 1469 864 1547 ἐπιμελές
1042 1473 1145 1527 assidue
1156 1475 1303 1541 custodire;
1314 1476 1469 1530 custodibus
1481 1496 1544 1531 vero
1552 1497 1623 1531 curae

265 1490 345 1628 siras,
356 1556 472 1634 νομίμως
483 1556 527 1613 ἵνα
536 1557 624 1615 πάντα
637 1558 788 1636 προστάττῃ
801 1566 897 1617 ποιεῖν·
1042 1577 1108 1625 osse,
1119 1571 1150 1613 ut
1160 1560 1382 1631 secundumlegoe
1391 1580 1436 1615 rex
1448 1566 1539 1617 omnia
1549 1565 1606 1617 lieri
1614 1565 1705 1636 jubeat
1715 1587 1724 1631 ς

270 1647 292 1702 εί
307 1642 335 1702 δὲ
349 1644 504 1724 παραθαίη,
517 1643 626 1705 κόλασιν
640 1647 719 1704 αὐτοῦ
731 1646 877 1723 λαμὸοίνιιν
1042 1648 1083 1698 sin
1097 1664 1140 1699 eas
1153 1646 1311 1716 neglexerit,
1325 1666 1431 1719 poeuam
1443 1668 1518 1703 exeo
1530 1667 1636 1704 sumere

211 1754 252 1795 ato
264 1731 343 1814 φασίν
357 1730 495 1811 μεγίστην,
512 1732 550 1811 μὴ
563 1732 679 1801 διδόντας
689 1732 738 1806 την
749 1732 857 1817 προερεῖν.
1041 1735 1116 1789 aiunt
1124 1736 1275 1800 maximam,
1289 1735 1444 1807 denegando
1454 1738 1555 1792 cibum.

266 1911 402 1988 Κερασοῦς
417 1906 559 1967 Σινωπέων
574 1907 681 1975 ἄποικος
1042 1915 1152 1966 Cerasus
1163 1913 1347 1984 Sinopensium
1359 1914 1495 1968 mlonia...

509 1998 569 2055 καθ’
581 1995 614 2067 ἣν
627 1994 722 2075 ἔρημος
736 1994 844 2070 κειμένη
1128 2036 1147 2051 ..
1162 1999 1236 2069 cujus
1247 2002 1275 2051 in
1284 2011 1427 2071 conspectu
1437 1999 1540 2054 deserta
1545 2001 1635 2071 jacens

390 2082 505 2163 παρήκει
516 2087 595 2154 νῆσος
605 2080 701 2161 Ἄρεως
709 2082 850 2163 λεγομένη.
1037 2105 1129 2159 parra
1140 2087 1308 2157 protenditur
1321 2088 1406 2141 insula
1415 2090 1507 2141 Martis
1517 2108 1597 2160 quam
1609 2092 1712 2146 dicunt.

263 2257 411 2337 ’ίιὸαρηνοί
422 2256 507 2337 ᾤκουν
516 2255 586 2323 ίθνος
600 2254 758 2335 ὁμοχώριον,
1041 2262 1176 2327 Tibareni,
1189 2280 1305 2332 quorum
1316 2282 1379 2333 gens
1390 2268 1569 2331 contermina,

212 2365 251 2406 οιι
265 2348 343 2424 γελᾶν
357 2345 427 2405 πάνυ
437 2345 589 2411 σπεύδοντες
601 2346 631 2401 έκ
645 2344 743 2410 παντὸς
756 2342 869 2423 τρόπου,
1041 2349 1129 2401 ridere
1140 2348 1216 2401 valde
1228 2349 1334 2402 student
1342 2351 1416 2402 omni
1426 2351 1523 2416 modo,

264 2428 546 2511 ettarpovtaeralmv
559 2432 570 2509 [
581 2430 707 2508 μεγίστην
718 2431 729 2509 ]
739 2430 897 2510 κεκρικότες.
1042 2437 1191 2491 felicitatem
1204 2438 1273 2490 banc
1285 2438 1410 2491 habentes
1426 2441 1577 2493 maximam.

212 2671 301 2724 0ιο9οε
316 2653 343 2705 in
352 2652 420 2705 ostio
429 2651 601 2713 Cimmeriam,
613 2650 683 2722 quod
691 2664 752 2703 ante
767 2649 910 2703 &rhemum
920 2668 998 2702 aora-
1043 2656 1109 2715 Ana
1122 2668 1174 2702 em.
1194 2651 1423 2720 810001ιί04-
1438 2668 1566 2721 900-910.
1585 2654 1717 2723 Anonymi
1730 2655 1836 2727 Periplr'

211 2732 292 2783 batam
298 2754 308 2795 ,·
321 2749 401 2802 porro
410 2730 504 2783 Strabo
518 2748 623 2800 quoque
636 2730 749 2783 eundem
765 2730 851 2781 locum
861 2730 998 2798 designare
1033 2727 1217 2796 fragmentum
1227 2729 1338 2780 alteram
1348 2748 1380 2800 p.
1399 2744 1430 2780 ια
1450 2729 1548 2791 Haris„
1561 2746 1591 2800 p.
1613 2731 1673 2799 159,
1687 2747 1719 2784 ιο
1733 2734 1804 2786 Gail.
1820 2756 1829 2787 :

212 2811 317 2865 ridetur
333 2814 382 2874 XI,
394 2829 421 2882 p.
437 2814 506 2880 494,
522 2809 566 2862 01ιί
581 2820 709 2863 memorat
719 2812 805 2880 κώμην
819 2806 864 2873 τὴν
879 2810 997 2880 ίίιμμερι-
1044 2805 1101 2860 ’tiro
1111 2802 1154 2859 οίιν
1164 2808 1318 2877 Φαρνακίας,
1334 2810 1376 2872 τῆς
1394 2807 1436 2859 καί
1445 2808 1522 2860 πάλαι
1535 2809 1710 2878 Κερασοῦντος,
1724 2812 1770 2873 ἕως
1784 2818 1830 2864 τοῦ

211 2888 268 2955 κὴν,
290 2892 341 2957 ἥτις
357 2890 422 2944 ἐστίν
435 2888 567 2962 ἀρητήριον
583 2890 635 2949 τοῖς
647 2887 691 2953 τὴν
705 2888 795 2959 λίμνην
816 2888 929 2941 πλέουσιν
945 2888 954 2959 (
970 2906 994 2939 ν.
1040 2886 1146 2953 πλησίον
1161 2886 1290 2957 ίίοτυώρου
1302 2892 1398 2957 πρῶτον
1415 2886 1495 2957 ᾤκουν
1511 2884 1580 2948 ἔθνος
1591 2888 1614 2939 οῖ
1628 2887 1762 2960 λεγθμενοι
1776 2891 1830 2943 lilo-

211 2971 305 3024 Ultert.
316 2973 370 3035 111,
392 2987 419 3034 ο,
432 2988 460 3041 p.
473 2971 524 3038 487
539 2972 559 3037 ).
576 2971 610 3020 At
629 2986 683 3020 non
698 2977 854 3038 reputarunt
866 2985 918 3020 una
934 2985 996 3020 cum
1041 2967 1149 3019 σιἰνοικοι
1167 2965 1233 3019 ἔθεσι
1250 2965 1306 3019 κτλ.
1330 2968 1398 3019 Hinc
1412 2967 1491 3036 primi
1506 2984 1596 3019 versus
1617 2967 1696 3021 linem
1715 2971 1832 3040 aliquem

211 3052 355 3103 Cimmerio
364 3051 489 3102 Nostrum
502 3048 730 3117 nominaretapos
742 3048 796 3099 sive
809 3048 918 3117 Cepum.
934 3049 997 3099 llaec
1040 3063 1135 3098 eruens
1153 3047 1313 3099 letronnius
1335 3045 1475 3098 scribit
1503 3045 1527 3098 ol
1550 3045 1661 3099 ίίίόσυνοι
1683 3049 1826 3120 λεγόμενοι,

212 3147 275 3182 vero
295 3129 365 3200 apud
387 3146 479 3181 omnes
498 3125 660 3196 geographos
684 3127 735 3193 (ν.
757 3136 814 3178 not.
838 3125 871 3178 ad
896 3125 995 3196 Scylae.
1040 3128 1128 3192 Quam
1144 3127 1259 3178 nominis
1271 3126 1470 3178 mutationeme
1487 3125 1586 3178 tantilla
1604 3145 1681 3180 eausa
1692 3129 1832 3182 admittere

211 3209 274 3275 §72
291 3205 655 3277 )tanquameamemoratur
667 3203 740 3267 urbs,
754 3221 812 3274 quae
825 3203 945 3273 proxime
956 3221 996 3254 se-
1040 3205 1123 3257 nolui.
1137 3205 1260 3275 proms
1282 3203 1337 3275 (sr.
1352 3206 1396 3258 8ῐ.
1414 3204 1481 3276 80),
1507 3204 1565 3257 lons
1579 3205 1680 3271 Nostri,
1697 3209 1832 3278 blospnm·

172 3331 174 3338 ,
210 3296 317 3356 quatur,
332 3287 353 3337 si
362 3286 420 3354 quis
429 3284 464 3336 ab
473 3284 647 3335 Hermonassa
656 3283 766 3352 Bospori
774 3292 844 3353 petat
853 3283 995 3350 angustias,
1040 3300 1095 3346 oos,
1108 3301 1162 3336 non
1172 3285 1308 3354 Mosynos,
1319 3281 1396 3336 dixit.
1414 3284 1424 3350 14
1439 3313 1475 3323 -
1487 3301 1549 3352 901.
1565 3282 1631 3336 ἔθεσι
1640 3285 1729 3354 ὠμοῖς,
1749 3285 1829 3358 ἔργοις

209 3363 277 3417 adeo
287 3375 316 3416 ut
330 3363 369 3416 rel
380 3362 413 3416 ad
430 3364 515 3433 ipsum
529 3362 639 3432 Bospori
654 3363 750 3413 ostium
765 3360 936 3413 meridionale
947 3362 997 3414 sita
1042 3359 1198 3432 βαρθαρικοῖς
1211 3365 1322 3426 Anum.;
1343 3379 1397 3413 em.
1410 3360 1562 3414 llolstenius
1583 3373 1610 3414 et
1622 3366 1791 3419 Letronnius.
1814 3371 1825 3435 ΙΙ

211 3443 290 3496 luerit
300 3443 339 3496 vel
351 3442 421 3496 haud
433 3443 509 3510 longe
518 3441 551 3494 ab
563 3459 595 3492 eo
612 3451 723 3493 remota.
741 3441 826 3507 Igitur
842 3457 924 3511 quum
937 3440 997 3492 duoe
1040 3469 1078 3478 —
1088 3457 1150 3509 902.
1162 3441 1221 3511 ρασί
1230 3439 1293 3493 cod.
1309 3441 1321 3510 ΙΙ
1333 3471 1369 3482 -
1383 3441 1445 3510 903.
1456 3441 1483 3493 δὲ
1500 3443 1529 3492 ἂν
1539 3459 1589 3512 pro
1600 3441 1623 3492 θ’
1638 3441 1676 3495 ἀεί
1690 3447 1754 3506 Ana
1774 3464 1829 3498 em.

207 3521 353 3592 jungantur
373 3521 451 3574 urbas
471 3537 530 3590 quae
551 3521 578 3571 in
599 3520 727 3589 oppositis
749 3521 858 3589 Bospori
879 3519 998 3589 partibus
1041 3518 1160 3571 Holsten.
1184 3520 1195 3588 14
1213 3549 1249 3558 -
1273 3522 1335 3587 904.
1352 3519 1396 3572 τὸν
1412 3518 1491 3571 αὐτῶν
1513 3522 1577 3583 An.;
1594 3538 1648 3572 em.
1667 3521 1761 3587 licina
1786 3524 1830 3576 rbv

211 3603 266 3653 sitae
279 3611 363 3663 erant,
379 3610 450 3670 patet
468 3599 671 3670 transpositione
684 3599 732 3650 ista
752 3598 816 3650 nibil
832 3617 879 3650 nos
890 3599 995 3650 lucrari.
1041 3598 1134 3650 τούτων
1156 3601 1282 3652 letronn.
1305 3599 1316 3665 ΙΙ
1338 3627 1375 3637 -—
1394 3599 1455 3666 905.
1482 3615 1509 3651 τε
1531 3609 1592 3668 post
1611 3599 1698 3671 πθργῳ
1720 3602 1831 3657 inseruit

212 3678 390 3749 llucacoedit.
401 3677 472 3748 quod
487 3681 508 3730 si
519 3689 672 3748 transponas
685 3692 783 3740 versus,
794 3678 882 3747 inepta
890 3695 998 3748 prorsus
1041 3677 1160 3731 Holsten.
1180 3679 1190 3744 ΙΙ
1204 3707 1240 3717 -
1254 3678 1317 3745 908.
1336 3679 1480 3747 προστάττει
1495 3676 1556 3731 eod.
1575 3681 1640 3744 tina
1655 3697 1707 3732 em.
1727 3683 1795 3735 Gail.
1815 3688 1826 3754 ΙΙ

212 3769 275 3812 sunt
288 3758 400 3827 ideoque
413 3755 524 3809 delenda
539 3756 619 3808 rerba
632 3755 660 3807 ab
677 3755 704 3806 δὲ
725 3756 796 3825 στόμ’
812 3754 947 3809 ἐκπλέοντι.
964 3757 999 3809 Et
1041 3785 1078 3795 -—
1089 3773 1150 3824 909.
1167 3757 1196 3808 ἂν
1208 3755 1234 3808 δὲ
1243 3755 1333 3825 παροδ.
1350 3760 1414 3820 Ana
1428 3775 1481 3810 em.
1493 3759 1621 3811 Letronn.
1636 3759 1647 3826 ΙΙ
1659 3789 1696 3798 -
1709 3777 1771 3827 910.
1783 3782 1829 3832 ρα-

211 3856 275 3891 sane
281 3835 526 3900 delevitFabricius,
533 3835 690 3887 connivente
697 3833 838 3886 llieinekio.
848 3837 903 3903 Ego
910 3845 998 3888 autem
1042 3833 1068 3885 σί
1081 3835 1141 3888 cod.
1157 3837 1167 3904 ll
1181 3851 1290 3904 -911.
1305 3831 1351 3899 τὴν
1365 3845 1426 3887 ante
1439 3833 1530 3905 τροφὴν
1544 3837 1654 3888 inseruit
1667 3837 1828 3894 Holstenius.

212 3919 297 3970 miror
316 3917 433 3969 criticam
446 3933 505 3986 quae
523 3931 613 3968 versus
629 3914 821 3982 integerrimos,
841 3913 886 3965 ubi
905 3926 999 3985 sponte
1043 3915 1083 3966 De
1092 3915 1132 3965 his
1142 3915 1225 3982 gentis
1234 3913 1353 3966 moribus
1364 3913 1424 3966 vide
1435 3931 1494 3984 quae
1504 3913 1667 3967 laudavimus
1680 3915 1714 3968 ad
1727 3919 1826 3989 Scylae.

211 3995 371 4058 olleruntur,
382 3992 565 4064 exstirpandos
583 3989 673 4056 ducat,
689 3991 797 4044 desudet
809 4011 870 4045 vcro
882 3994 907 4045 in
920 3993 998 4046 ellin-
1043 3995 1058 4059 S
1070 3995 1113 4046 86.
1128 3993 1323 4062 ll—9r1·913.
1338 3997 1434 4046 Aaom.
1443 4012 1475 4064 p.
1492 4009 1523 4045 ιο
1533 3995 1582 4056 ta,
1591 4011 1623 4064 p.
1643 3993 1703 4061 159,
1720 3995 1826 4060 56044,

212 4073 303 4142 gradis
327 4073 430 4138 iambis,
445 4072 490 4125 ubi
506 4072 592 4124 forsan
614 4071 676 4124 nulli
699 4087 814 4140 unquam
833 4071 997 4140 legebantur.
1044 4071 1106 4124 ubi:
1123 4071 1182 4139 αὕτη
1198 4071 1354 4142 ὴψαρνακίσ
1367 4072 1443 4125 πάλαι
1457 4071 1499 4142 μὲν
1514 4071 1636 4141 Κερασοῦς
1650 4071 1827 4138 ἔκαλεῖτο,Σι·

212 4156 339 4206 Praeterea
347 4170 430 4223 quum
451 4155 606 4221 Anonymus
624 4151 733 4202 aTnnai
752 4149 889 4203 meridiem
910 4169 999 4204 versus
1043 4153 1142 4204 νωπέων
1157 4152 1199 4204 καί
1215 4149 1274 4216 etti
1298 4151 1414 4214 ἄποικος,
1432 4151 1557 4203 κτισθεῖσα
1576 4149 1617 4202 θπ’
1633 4150 1722 4216 αὐτῶν,
1737 4153 1792 4205 καθ’
1802 4155 1829 4215 ἃς

212 4231 405 4302 progrediatur,
421 4247 541 4300 quaenam
561 4247 638 4282 causa
657 4227 800 4299 probabilis
822 4229 885 4298 fingi
905 4233 997 4301 possit,
1043 4230 1102 4301 (sic)
1123 4229 1213 4300 ἔρημος
1226 4232 1324 4301 κειμένη
1339 4223 1386 4300 (ἧς
1397 4229 1508 4300 θντικρίις
1521 4231 1532 4298 )
1545 4229 1648 4298 παρήκει
1661 4233 1734 4296 νῆσος
1743 4231 1829 4302 Ἄρεως

211 4309 477 4362 eurordinembunc
500 4309 527 4360 in
546 4308 682 4360 Cimmerii
692 4317 722 4359 et
742 4306 805 4378 Cepi
820 4310 954 4362 mentione
965 4329 999 4364 ex
1042 4307 1176 4379 λεγομένη.
1201 4312 1270 4361 Ante
1293 4309 1396 4378 παρήκει
1417 4307 1479 4361 sort.
1506 4307 1635 4360 excidisse
1659 4309 1733 4380 μικρίι
1757 4311 1827 4381 conj.

211 4388 305 4442 eodem
330 4389 403 4440 sonte
417 4389 497 4459 petita
521 4387 672 4458 reliquerit,
694 4385 778 4439 turbis
798 4405 879 4440 noras
898 4388 999 4443 addens
1042 4388 1172 4442 Meinclte.
1196 4389 1318 4441 Ceterum
1339 4387 1374 4440 cl.
1399 4397 1455 4439 not.
1479 4385 1514 4440 ad
1539 4387 1637 4458 Scylac.
1661 4392 1677 4456 ς
1698 4392 1743 4442 86.
1770 4391 1827 4458 ΙΙ-

213 4466 454 4519 turbasiFormam
470 4466 551 4531 ίίῆπος
564 4483 613 4536 pro
626 4464 723 4536 vulgari
739 4465 817 4531 ίίῆποι
831 4467 954 4519 norimus
966 4487 998 4520 ex
1043 4473 1169 4537 pti-916.
1185 4472 1272 4520 Aaou.
1291 4485 1321 4538 p.
1340 4482 1371 4519 12
1390 4469 1440 4530 Η.,
1451 4485 1484 4538 p.
1500 4466 1559 4532 158,
1582 4466 1709 4521 scalt:
1734 4466 1829 4522 ’λπὸδί

213 4543 374 4615 Apollodoro
388 4542 461 4614 apud
475 4543 564 4613 Steph.
585 4543 647 4612 Byr..
668 4561 692 4594 ν.
714 4543 742 4593 Ψ
744 4544 829 4609 ησσοί,
847 4544 892 4596 ubi
909 4563 998 4598 versus
1044 4547 1172 4617 ίίοτυώρου
1187 4547 1231 4607 ἕως
1243 4549 1287 4599 τοῦ
1299 4545 1404 4613 πλησίον
1417 4545 1579 4617 Πολεμωνίου
1591 4551 1688 4617 πρῶτον
1697 4547 1829 4619 Τιθαρηνοί

212 4621 352 4677 laudatur:
367 4621 480 4674 ἔπειταδ’
499 4619 714 4693 Ἑρμώνασσακαῖ
727 4622 808 4687 ίίῆπος
819 4623 899 4688 πόλις,
910 4624 998 4694 Τρίτον
1042 4625 1122 4696 ᾤκουν
1141 4626 1196 4678 κτλ.
1215 4627 1284 4678 Hinc
1306 4636 1366 4697 post
1386 4626 1553 4679 llolstcnium
1572 4629 1755 4681 latmnnius:
1775 4627 1829 4682 ’λπίι

210 4701 238 4754 δὲ
250 4707 298 4754 τῶν
310 4701 422 4768 Ψησσῶν
433 4695 518 4771 γένος’
525 4700 698 4754 Probabiliter
709 4703 793 4772 ipsum
807 4703 997 4772 Apollodorum
1044 4704 1172 4775 ίίοτκθρου
1187 4706 1209 4756 δ’
1228 4705 1251 4768 ἐς
1274 4706 1302 4757 τὸ
1321 4705 1396 4767 πέλοις
1413 4705 1569 4776 Ῐίολεμθνιον
1585 4707 1589 4772 Ι
1604 4707 1684 4778 ᾤκουν
1696 4707 1830 4778 Τιθαρηνοὶ

212 4779 256 4833 nic
265 4798 380 4852 quoque,
390 4781 427 4833 uti
434 4780 506 4844 alibi,
515 4783 609 4832 Noster
616 4791 675 4832 onte
683 4781 772 4832 oculos
783 4781 884 4835 babuit.
895 4784 998 4850 Quodsi
1043 4790 1148 4853 πρῶτον,
1165 4784 1233 4847 ἔθνος
1244 4785 1397 4856 ὁμοχώριον,
1413 4785 1418 4851 Ι
1436 4785 1618 4855 πέντωςγελᾶν
1630 4786 1685 4838 κτλ.
1700 4795 1735 4840 At
1745 4805 1828 4857 quum

210 4869 265 4924 est,
281 4858 354 4911 rides
367 4868 470 4930 poetam
485 4857 519 4912 de
532 4859 595 4929 Cepi
617 4859 751 4911 mentione
764 4877 817 4912 non
832 4859 907 4912 aliter
918 4880 997 4931 quam
1042 4874 1169 4916 accurata!
1183 4865 1237 4917 istae
1250 4863 1364 4917 limitum
1383 4865 1479 4935 cuique
1498 4865 1575 4918 Ponti
1586 4865 1686 4936 populo
1698 4868 1829 4935 assignan-

212 4938 326 5010 reliquos
335 4948 454 4991 auctores
461 4939 589 5003 statuisse,
598 4936 710 5008 ideoque
719 4940 891 4992 Cimmerium
901 4939 933 4992 ιιιί
946 4961 999 4995 tne-
1043 4942 1138 4996 dorum
1153 4943 1318 4996 definitiones
1331 4946 1359 4996 in
1373 4943 1480 5014 reliquis
1494 4944 1590 5015 Peripli
1604 4944 1667 5000 iocis
1678 4963 1730 4997 000
1746 4945 1830 4998 vindi·

212 5017 339 5071 ridionale
349 5017 455 5089 bospori
469 5018 564 5069 ostium
575 5019 701 5087 posuisse.
714 5021 744 5071 ln
758 5018 809 5072 hoe
824 5037 886 5072 reru
895 5021 915 5071 si
928 5039 999 5074 erra·
1043 5033 1136 5075 eantur
1144 5033 1243 5094 poetae,
1255 5041 1341 5094 neque
1357 5023 1413 5076 lure
1430 5024 1454 5075 ei
1470 5023 1645 5094 intorquenda
1663 5035 1747 5078 erant.
1770 5027 1781 5095 14
1794 5057 1829 5066 -

213 5097 260 5159 rit,
276 5097 356 5149 facilis
370 5096 459 5148 saltem
468 5114 543 5148 eruor
552 5107 708 5166 erat,quum
720 5099 894 5152 Cimmerium
903 5099 998 5153 urbem
1043 5103 1106 5172 915.
1127 5105 1190 5156 πάνυ
1207 5103 1284 5173 γελᾶν
1303 5103 1445 5165 σπεύδοντες
1462 5101 1524 5156 coti.
1540 5107 1604 5167 lln.;
1621 5121 1672 5157 em.
1690 5105 1828 5165 llleineltez

212 5175 317 5228 aliunde
329 5193 382 5227 non
398 5186 487 5228 notam
501 5176 526 5227 in
539 5177 645 5246 Europa
658 5177 690 5229 ad
704 5177 874 5232 arreridionale
887 5181 998 5250 Bospori
1043 5182 1139 5243 πάντως
1149 5181 1226 5253 γελᾶν
1238 5202 1279 5236 απ.
1296 5185 1368 5235 latr.
1383 5184 1394 5250 ΙΙ
1407 5213 1442 5222 -
1451 5188 1513 5250 918.
1526 5181 1681 5252 albemarlae
1696 5182 1760 5235 eirea
1771 5187 1829 5236 tari·

212 5255 309 5306 estium
323 5258 622 5325 Aureaqauusrnernorrt.
638 5257 647 5324 ίΙ
659 5289 692 5297 -
705 5261 765 5326 898.
776 5261 851 5321 κτίσις
861 5259 885 5312 δὲ
899 5262 994 5330 τυρίον.
1043 5281 1088 5328 την
1102 5264 1237 5330 κεκρικότες
1258 5265 1357 5326 Λιιοιι,;
1372 5281 1424 5314 eru.
1446 5262 1593 5316 bleinelius
1604 5261 1712 5326 laudons
1729 5263 1827 5320 iontem
