3950 5925
511 428 561 490 llll
582 427 778 489 ATHENAEO
800 426 873 488 VEL
895 424 1061 485 incauto
1085 425 1340 487 ardunense,

145 584 179 636 ’,τι
191 562 400 625 choruscum
414 560 543 638 Scylaois
558 562 723 639 periplume
739 582 764 619 1.
773 560 905 616 Hoesclre·
948 565 975 612 io
990 578 1046 633 quo
1058 561 1212 615 ostenditur
1219 560 1363 632 Scylacem
1377 560 1494 630 Ροζιθὶο
1503 556 1696 629 cocerumfuis.

122 664 246 717 liuscum
257 658 406 717 lllarciano
415 656 905 735 lleracleotaaliiscpregeographis,
948 650 1069 709 Oxoniae
1096 655 1179 729 1798,
1207 654 1235 713 8.
1250 688 1289 698 -
1306 654 1333 709 5.
1358 658 1442 713 Iooa.
1458 657 1558 711 Fratre.
1580 656 1685 709 Gallias
1700 654 1730 709 in

122 756 247 830 August.
261 754 478 811 vindelicorum
499 756 585 825 1600,
604 754 639 825 83
655 751 785 828 subjecta
808 751 906 809 brevis
948 747 1055 822 Geogr.
1071 768 1116 822 gr.
1142 750 1213 808 min.
1239 762 1309 806 tom.
1326 748 1339 805 l
1357 768 1423 805 cum
1444 750 1582 825 interpr„
1603 748 1680 806 notis
1703 762 1732 805 et

119 852 285 908 annotatio.
298 882 339 894 -
351 871 380 909 α,
399 855 441 910 Is.
455 854 567 907 Vossius
580 870 644 908 cum
661 850 806 926 Anonymi
821 849 906 906 Peri·
949 847 1101 919 praetnlssa
1114 843 1342 901 introductione.
1355 845 1448 903 Paris.
1466 846 1552 913 1826,
1569 844 1683 903 8.-6.
1697 848 1730 902 R.

118 946 170 1023 plo
181 946 271 1003 Ponti
286 945 411 1017 Euxini,
426 945 633 1003 Amstelodami
655 945 746 1020 1639,
761 952 794 1014 43
814 962 907 1019 graece
950 942 986 994 H.
1006 941 1171 996 Clausroius
1182 961 1193 995 .·
1203 944 1330 997 Hecataei
1340 939 1654 1014 Milesiifragmeuio'et
1663 943 1731 1012 Sej-

117 1053 146 1105 ις
158 1040 263 1109 latine,
279 1058 345 1097 cum
360 1041 556 1097 annotatione.
572 1072 610 1085 -
628 1042 654 1097 3.
670 1045 735 1099 iac,
759 1042 908 1095 Gronovius
950 1040 1020 1091 iacis
1040 1039 1246 1109 Corroodeosis
1254 1042 1390 1111 periples.
1409 1040 1533 1094 Bemliot'
1561 1038 1651 1107 1831,
1666 1056 1731 1093 cum

119 1136 150 1193 in
166 1136 383 1213 Geographieis
404 1137 550 1214 antiquis,
573 1156 617 1211 gr.
634 1150 670 1195 et.
684 1136 733 1193 lat.
748 1154 812 1193 cum
830 1136 907 1193 notis
949 1134 1057 1210 interp.
1076 1133 1135 1204 lat,
1161 1133 1367 1191 dissertatione
1388 1133 1425 1190 de
1449 1146 1530 1190 aetate
1553 1133 1682 1210 Scylaeis
1704 1144 1733 1189 et

117 1230 229 1301 l'ossii,
238 1231 376 1289 Palmerii
386 1232 514 1309 suisque,
523 1230 657 1306 Lugduni
668 1230 766 1289 Batav.
782 1232 865 1305 1697,
880 1239 905 1297 4.
949 1227 1033 1285 brevi
1046 1229 1242 1286 annotatione.
1257 1262 1295 1273 -
1307 1248 1335 1299 7.
1346 1231 1471 1302 θερίσαι
1482 1233 1612 1304 Periphas
1630 1249 1669 1283 es
1690 1250 1731 1284 re·

117 1324 254 1403 Repetite
268 1326 330 1383 haec
340 1325 433 1383 editio
450 1344 496 1383 an.
512 1345 598 1398 1700,
615 1326 735 1403 praefixo
750 1326 835 1383 titulo
856 1344 905 1382 no·
949 1330 1074 1379 censione
1084 1327 1119 1381 B.
1130 1324 1269 1385 Fabricii.
1286 1325 1403 1381 Dresdoe
1415 1325 1502 1393 ιθ4θ;
1514 1322 1730 1399 graeoe5suhje·

118 1440 166 1487 νο,
177 1420 545 1498 additaquedisputatione
553 1421 589 1479 de
597 1420 765 1478 Oxoniense
774 1418 906 1477 lludsoni
949 1430 994 1474 eta
1004 1417 1090 1475 lectio
1097 1419 1189 1475 varia.
1201 1416 1417 1475 -Varietatem
1429 1418 1574 1488 lectionis,
1585 1436 1671 1494 quam
1682 1436 1732 1475 eo-

116 1514 250 1573 editione
258 1527 287 1572 et
297 1514 333 1572 de
342 1514 485 1575 Dodwelli
498 1510 714 1586 disseminans,
728 1532 786 1591 qua
796 1525 906 1571 aetatem
949 1513 1005 1571 dex
1019 1512 1173 1571 Parisinus
1186 1512 1308 1592 praehet,
1320 1514 1434 1591 primus
1443 1514 1535 1571 edidit
1548 1516 1581 1574 E.
1597 1514 1733 1571 Milleruc

115 1590 907 1688 scriptorisAnglrtsdehniiestuduit.-4.Huds·omo
949 1608 981 1665 in
997 1610 1182 1682 Supple'meut
1203 1608 1418 1665 wedemtires
1437 1609 1557 1668 e'ditious
1573 1612 1624 1665 des
1646 1616 1733 1684 petits
1798 1668 1801 1673 ,

115 1706 147 1761 in
157 1705 358 1783 Geographiae
370 1698 599 1785 reterissciiptt.
617 1727 658 1782 gr.
675 1707 782 1765 minor.
795 1720 866 1763 tom.
879 1706 903 1777 1,
946 1707 1057 1778 grogn,
1074 1706 1155 1760 Paris
1172 1702 1258 1779 1839,
1273 1723 1302 1780 p.
1321 1702 1456 1780 igit-ati.
1486 1692 1491 1699 ¹

115 1800 901 1879 euminterpret.lat.‚notisetllodwellidissertatione‚

518 1977 736 2041 ATHENAEUS
756 1978 833 2037 VEL
856 1978 1049 2039 tonsurus
1069 1975 1339 2040 sinsutrosls.

158 2150 208 2201 γε.
217 2128 374 2187 lncodicis
382 2130 508 2187 Parisini
517 2130 687 2208 443pagina
695 2130 748 2187 106
758 2130 906 2189 solitarius
953 2130 1022 2187 item
1037 2128 1121 2187 facile
1132 2128 1327 2207 explicantur.
1339 2126 1456 2186 Scilicet
1466 2128 1580 2185 viarum
1592 2128 1734 2185 rationem

116 2239 212 2284 exstat
224 2226 328 2285 titulus
346 2226 428 2285 hicce
444 2225 637 2297 ιἈθηναίου
654 2226 783 2285 πόλεων
797 2223 906 2302 ακώμ-
951 2238 1084 2283 accurate
1110 2225 1312 2304 peregrinator
1334 2237 1434 2282 noster
1460 2222 1626 2282 describere
1649 2224 1732 2283 solet.

115 2344 207 2396 ματα
231 2321 289 2381 καὶ
307 2321 377 2381 ὁδοὶ
399 2322 455 2381 καλ
481 2322 678 2402 περίπλους,
703 2325 754 2401 qui
767 2344 826 2401 quo
838 2342 906 2402 per·
950 2318 1000 2379 Sic
1013 2320 1050 2381 fr.
1070 2322 1149 2397 1,§1
1171 2322 1221 2379 uia
1239 2318 1367 2379 Athenas
1385 2318 1495 2378 ducens
1508 2333 1552 2378 est
1568 2318 1625 2387 ὁδὸς
1640 2321 1734 2392 ἡδεῖα,

116 2416 227 2488 tineat,
244 2416 354 2475 frustra
367 2418 399 2475 in
416 2418 470 2475 hac
484 2418 602 2495 quidem
617 2418 722 2497 pagina
736 2418 907 2496 circumspi·
950 2417 1135 2495 γεωργουμένη
1158 2424 1248 2489 πᾶσα,
1263 2414 1361 2496 ἔχουσαί
1374 2440 1400 2474 τι
1418 2416 1524 2497 *iiii
1542 2415 1735 2496 ριλοίνθροπεον.

117 2513 179 2584 cis;
205 2516 310 2571 contra
328 2533 397 2571 sero
418 2514 486 2572 inde
503 2514 639 2592 apagina
664 2524 717 2583 ul.
737 2514 796 2573 duo
817 2512 907 2573 hahes
952 2544 991 2557 -
1006 2513 1024 2589 S
1037 2514 1066 2569 6.
1083 2511 1219 2571 Ἐντεῦθεν
1238 2512 1274 2578 είς
1292 2510 1415 2591 Ὠρωπὸν
1439 2513 1473 2569 δι’
1487 2510 1611 2591 Ἀριδνιῦν
1629 2512 1735 2571 καὶτοῦ

117 2608 284 2682 fragmenta
307 2609 442 2686 prosaica
463 2629 528 2686 quae
546 2606 737 2687 inscriptione
750 2622 849 2667 carent
862 2622 906 2679 et,
952 2604 1115 2687 Ἀμφιαράου
1128 2606 1189 2673 Διδς
1207 2608 1278 2685 ἱεροῦ
1292 2604 1349 2672 tit<
1363 2606 1488 2686 ἐλευθέρῳ
1502 2604 1633 2685 βαδίζοντι
1643 2607 1737 2685 cpite

117 2723 211 2779 quum
228 2704 260 2761 in
278 2706 402 2763 mediam
419 2704 581 2783 periegesin
596 2704 750 2764 iambicam
765 2704 909 2763 inculcata
952 2700 1070 2780 ἡμέρας,
1098 2700 1246 2781 προσάντης
1269 2710 1360 2759 πᾶσα·
1379 2702 1469 2770 ἀλλ’ἢ
1490 2704 1540 2758 τῶν
1565 2700 1736 2760 καταλύσεων

117 2800 190 2871 sint,
208 2820 270 2857 non
292 2822 328 2857 eo
340 2821 399 2878 quo
421 2822 498 2859 nunc
514 2803 579 2859 loeo
593 2802 737 2879 leguntur,
759 2802 831 2859 olim
850 2800 907 2877 legi
952 2796 1132 2868 πολυπλήθεια
1143 2794 1177 2855 τὰ
1188 2796 1253 2877 πρὸς
1262 2796 1305 2855 τὸν
1322 2796 1377 2876 βίον
1387 2796 1484 2875 ἔχουσα
1498 2796 1595 2877 ἄφθονα
1610 2795 1656 2855 καὶ
1669 2798 1735 2854 ἀνα-

117 2906 268 2971 poterant.
279 2894 413 2953 Nascitur
423 2896 519 2974 itaque
528 2896 658 2976 suspicio
667 2910 696 2955 et
706 2898 907 2956 locumeorum
952 2893 1073 2968 παύσεις,
1084 2894 1181 2953 κωλύει
1190 2893 1270 2953 κόπον
1280 2891 1425 2972 ἐγγίνεσθαι
1435 2896 1487 2959 τοῖς
1497 2896 1687 2974 ὁδοιποροῦσιν.
1696 2924 1736 2937 -

117 2991 281 3068 pristinum
295 3004 324 3049 et
340 2991 453 3050 titulum
469 2993 500 3050 in
511 2995 619 3070 pagina
637 2995 689 3051 106
699 3012 762 3052 esse
777 3011 908 3070 quaeren-
951 2993 969 3068 S
984 2993 1013 3052 8.
1027 2990 1161 3052 Ἐντεῦθεν
1175 2994 1212 3058 εἰς
1219 2991 1363 3069 Τάναγραν
1371 2989 1465 3049 στάδια
1474 2990 1525 3069 ρλ’.
1545 2990 1602 3057 att.
1609 2989 1642 3048 δι’
1653 2992 1738 3048 ἔλαιο-

117 3085 208 3156 dum;
236 3106 292 3144 nec
312 3086 480 3163 conjectura
500 3087 650 3164 fefellerit,
672 3108 761 3166 quum
786 3088 908 3146 indiculi
952 3087 1087 3166 φθτουκαλ
1102 3085 1255 3166 αυνδίνδρου
1266 3085 1373 3166 χώρας,
1388 3085 1484 3151 παντὸς
1497 3086 1678 3165 καθαρεύουσα
1691 3090 1737 3144 τοῦ

118 3179 213 3238 rerba
227 3200 265 3238 ex
280 3183 461 3256 argumentis
476 3180 701 3258 fragmentorum
716 3182 800 3241 facile
813 3183 908 3261 expli·
953 3179 1006 3242 ἀπὸ
1021 3185 1072 3241 τῶν
1082 3181 1303 3262 κλώπωνρόθου.
1316 3183 1383 3258 -5
1400 3203 1446 3243 11.
1461 3181 1596 3243 Ἐντεῦθεν
1610 3183 1646 3248 είς
1657 3183 1737 3242 illo·

116 3291 235 3336 centur.
248 3277 283 3334 ln
294 3277 396 3355 priore
405 3277 564 3354 fragmento
571 3291 681 3350 auctor,
692 3277 781 3336 homo
789 3278 907 3356 facetus,
953 3277 1029 3343 ταιθις
1040 3278 1134 3337 στάδια
1147 3277 1180 3336 α’·
1204 3277 1262 3344 tit<
1273 3281 1362 3356 ἡσυχῆ
1373 3277 1421 3354 μὲν
1434 3277 1529 3356 ἔρημος
1547 3278 1593 3336 καί
1610 3276 1737 3349 λιθώδης,

117 3385 278 3449 postquam
299 3372 426 3430 Athenas
445 3373 648 3452 descripserat,
659 3373 755 3452 pergit
766 3373 906 3452 Oropum.
952 3372 1123 3432 ἀνατείνουσα
1137 3371 1164 3430 δὲ
1186 3371 1258 3452 (rel)
1274 3371 1338 3450 πρὸς
1349 3371 1393 3429 τὸν
1416 3374 1574 3448 Κιθαιρῶνα,
1589 3373 1619 3430 οὗ
1635 3371 1693 3430 λίαν
1709 3371 1737 3431 δὲ

117 3467 354 3546 Nostioppidum
366 3468 532 3528 fatisrariis
542 3469 768 3528 memorabileac
779 3470 909 3530 historiae
953 3466 1110 3548 ἐπισφαλής.
1126 3469 1197 3544 -S
1214 3487 1261 3527 ra.
1277 3466 1417 3526 Ἐντεῦθεν
1432 3467 1468 3531 είς
1483 3465 1578 3537 Θήδας
1589 3464 1682 3524 στάδια
1694 3468 1734 3526 π’.

120 3564 223 3621 atticae
233 3563 413 3642 lloeotiaeque
424 3565 609 3624 multifariam
625 3567 816 3646 implicatum.
831 3568 908 3638 Quid
953 3563 1011 3632 ὁδὸς
1021 3562 1080 3623 λεία
1095 3573 1169 3622 πᾶσα
1190 3564 1236 3622 καὶ
1249 3562 1380 3630 ἐπίπεδος.
1402 3597 1442 3606 -
1455 3565 1473 3639 §
1488 3564 1539 3624 αδ.
1553 3563 1689 3622 Ἐντεῦθεν
1702 3564 1737 3628 εἰς

118 3657 242 3718 Noster?
261 3659 404 3720 Memorat
425 3681 494 3720 sane
515 3663 677 3740 frequentes
694 3683 841 3742 cauponas
851 3666 908 3723 viae
952 3657 1091 3732 ’λνθηδόνα
1114 3660 1209 3720 στάδια
1238 3657 1285 3738 ρξ’.
1304 3659 1361 3725 att.
1376 3658 1493 3736 πλαγία,
1516 3657 1682 3734 ἁμαξηλατος
1702 3659 1736 3716 δι’

117 3755 154 3812 ad
172 3755 280 3814 urbem
299 3757 417 3828 ducenti
438 3761 602 3837 appositas,
628 3780 751 3838 quarum
767 3759 908 3820 beneficio
953 3761 1040 3838 ἀγρῶν
1059 3758 1160 3837 πορεία.
1179 3793 1218 3802 -
1231 3759 1248 3834 S
1263 3759 1312 3818 αθ.
1328 3755 1375 3823 Ἐξ
1401 3753 1549 3825 Ἀνθηδόνος
1564 3756 1599 3820 τίς
1615 3753 1736 3814 Χαλκίδα

119 3851 286 3909 rrrolestiam
308 3852 423 3910 itineris
448 3855 642 3932 superaverit,
669 3855 705 3912 de
726 3855 791 3932 ipsa
813 3869 907 3914 autern
953 3856 1048 3914 στάδια
1062 3854 1093 3912 0'·
1109 3853 1189 3934 μέχρι
1209 3859 1254 3912 τοῦ
1269 3853 1426 3930 Σαλγανίως
1438 3852 1495 3918 itte
1508 3850 1581 3930 παρθ
1595 3850 1737 3929 τθναῖγια·

117 3943 194 4002 urbe
208 3945 286 4003 nihil
301 3947 358 4004 nisi
371 3947 432 4006 haec
448 3971 454 4004 ι
477 3948 533 4018 ἠδὲ
545 3949 621 4015 πόλις
634 3948 777 4030 Ὠρωπίων
792 3951 907 4010 συνοικία
953 3949 998 4008 λδν
1009 3949 1067 4008 λεία
1087 3973 1116 4008 τε
1138 3958 1213 4008 πᾶσα
1226 3949 1271 4006 καὶ
1289 3947 1413 4026 pulerit·
1426 3951 1459 4026 τῇ
1472 3947 1520 4024 μίν
1533 3947 1684 4018 καθήκουσα
1702 3951 1738 4014 είς

118 4042 206 4110 θητῶν
218 4041 292 4113 ἐστι,
304 4041 459 4118 μεταῦολων
473 4042 598 4122 ἐργασία,
612 4045 730 4102 τελωνῶν
745 4045 909 4124 ἀνυπέρῦλη·
952 4047 1096 4119 θάλατταν,
1119 4050 1151 4124 τῇ
1167 4045 1194 4104 δὲ
1214 4044 1272 4124 ὄρος
1291 4043 1389 4124 ὑψηλὸν
1410 4041 1458 4119 μὲν
1483 4041 1592 4121 ἔχουσα,
1605 4042 1695 4100 λάσιον
1710 4041 1737 4098 hl

118 4158 162 4200 τος
175 4133 331 4208 πλεονεξία,
342 4137 371 4194 ἐκ
384 4138 488 4196 πολλῶν
503 4139 604 4216 χρόνων
620 4137 762 4218 ἀνεπιθέτερ
773 4139 908 4222 πλεονεξία
953 4142 999 4200 καὶ
1009 4141 1396 4220 ῦδασιπηγαίοιςκατάρρυτον.
1407 4172 1448 4184 -
1457 4139 1543 4209 Quod
1556 4159 1626 4198 vero
1632 4139 1738 4196 deinde

121 4230 339 4310 συντεθραμμένη
354 4231 448 4292 κτλ...
467 4233 555 4292 Κακδν
567 4233 639 4299 τέλος
650 4231 811 4312 γε’νοιτοτοῗς
823 4234 909 4314 Ὠρω-
953 4240 1055 4298 titulus
1069 4238 1171 4297 habet:
1190 4238 1244 4296 καὶ
1269 4236 1469 4317 περίπλους,
1492 4237 1522 4294 id
1538 4254 1607 4293 saue
1625 4237 1656 4292 in
1678 4235 1737 4294 duo

124 4322 199 4389 πίοις.
220 4325 366 4383 Similiter
380 4326 551 4387 Plataearum
573 4329 719 4388 miseriam
739 4329 840 4388 verbis
851 4335 907 4389 Ρο-
954 4335 1114 4410 fragmenta
1132 4333 1242 4391 codicis
1256 4334 1312 4402 443
1332 4352 1391 4391 non
1413 4331 1499 4391 cadit.
1514 4329 1676 4408 Suspieeris
1690 4330 1738 4388 le-

123 4419 233 4498 sidippi
254 4422 363 4480 comici
385 4423 460 4480 ridet
479 4425 711 4502 perstringitque
732 4425 803 4484 istos
825 4430 907 4505 cpuasi
953 4430 1078 4506 gendum
1094 4428 1211 4487 essexad
1224 4425 1344 4504 εὔριπος,
1360 4447 1450 4504 quum
1465 4426 1502 4482 de
1517 4425 1628 4502 Euripo
1643 4445 1737 4483 seinte

124 4513 454 4590 ficareto-Athenienses,
467 4521 552 4596 quisi
567 4521 736 4580 Seramhum
748 4542 907 4602 cauponem
953 4525 992 4582 sit
1006 4525 1036 4582 in
1050 4537 1198 4600 postrema
1219 4535 1302 4599 parte
1320 4522 1472 4597 fragmenti
1486 4520 1611 4598 prioris,
1628 4541 1664 4578 ex
1679 4542 1738 4599 quo

123 4624 152 4666 et
168 4611 309 4688 proelium
329 4612 365 4670 ad
378 4613 481 4672 urbem
500 4615 570 4672 olim
586 4616 771 4675 commissum
790 4619 906 4692 gloriati
953 4621 1151 4680 atttecedentia
1165 4621 1242 4677 tituli
1254 4618 1348 4676 verba
1367 4619 1587 4696 explicavimus.
1604 4619 1659 4676 Sed
1674 4619 1736 4676 fieri

123 4707 192 4777 sint,
217 4706 300 4764 aliud
320 4707 394 4765 nihil
416 4708 447 4766 in
470 4709 596 4768 medium
620 4711 750 4788 proferre
774 4712 907 4774 habeant.
953 4719 1040 4776 etiam
1054 4730 1160 4795 potest,
1176 4730 1208 4774 ut
1227 4714 1317 4773 verba
1333 4715 1378 4773 καλ
1392 4715 1535 4795 περίπλους
1556 4716 1592 4774 ad
1605 4717 1663 4774 alia
1676 4717 1738 4774 fra-

123 4801 234 4861 Deinde
259 4817 389 4862 recenset
410 4805 497 4878 vitia,
516 4826 581 4882 quae
603 4808 634 4865 in
650 4809 773 4884 singulis
792 4811 910 4869 Boeotiae
954 4826 1071 4889 gmenta
1083 4811 1280 4887 pertinuerint
1293 4832 1301 4881 ;
1316 4829 1382 4867 nam
1397 4812 1546 4889 complura
1567 4811 1637 4867 olim
1650 4810 1738 4869 fuisse

124 4897 247 4957 urbibus
262 4900 359 4958 sedem
375 4901 473 4959 fixisse
488 4902 632 4980 dicantur,
647 4917 678 4961 ut
687 4904 824 4982 'l'hespiis
837 4911 854 4976 i.
867 4929 907 4980 φι-
954 4921 1065 4966 constat
1079 4905 1206 4964 ecodice
1221 4905 1357 4963 Parisino
1368 4906 1439 4979 571,
1454 4906 1504 4982 qui
1520 4907 1636 4963 tertium
1648 4905 1738 4964 exhi-

124 4993 251 5068 λονεικία,
262 4995 436 5054 Anthedone
451 5000 467 5066 ἡ
482 4996 634 5068 πλεονεξία,
651 4999 784 5070 inaliisi¹
800 5001 909 5078 αίσγρο-
953 5001 1015 5078 het,
1028 5000 1230 5059 Strabonianis
1250 5001 1394 5078 excerptis
1418 5019 1581 5070 annexum,
1606 4999 1684 5077 quod
1706 5002 1737 5060 in

124 5087 241 5164 κε’ρδεια,
257 5091 271 5146 h
285 5089 389 5168 φθόνος,
412 5094 429 5157 ἡ
444 5088 535 5170 elipe,
552 5095 569 5160 i,
581 5091 736 5164 ἀλαζονεία,
754 5095 907 5166 ἡάναισθη-
953 5099 1089 5176 pleniore
1097 5095 1198 5155 codiee
1206 5106 1273 5152 ante
1281 5097 1437 5154 secundum
1450 5096 1640 5172 fragmentum
1652 5097 1738 5154 codi-

124 5181 176 5241 σία.
192 5183 258 5241 lain
275 5185 358 5243 vides
374 5185 447 5262 quid
471 5185 530 5243 sihi
547 5187 638 5244 uelint
657 5188 687 5244 in
711 5189 795 5246 titulo
818 5189 909 5276 rerba
954 5195 998 5252 cis
1017 5196 1073 5261 443
1092 5195 1189 5251 locum
1202 5193 1409 5273 obtinebatlv.
1424 5209 1484 5256 not.
1505 5195 1540 5254 ad
1551 5197 1653 5274 p.97).
1669 5197 1738 5273 lljcts

125 5275 246 5336 πόλεων
263 5278 467 5358 σκώμματα.
481 5280 552 5348 Quae
569 5293 745 5358 seqrruntur:
759 5283 814 5342 καὶ
825 5285 908 5360 aiot,
956 5290 1050 5348 statim
1063 5289 1149 5346 initio
1164 5289 1237 5364 legis
1252 5311 1258 5346 ι
1274 5294 1317 5348 τοῦ
1333 5293 1356 5348 θ’
1369 5289 1442 5368 ὅρους
1457 5292 1519 5368 (τοῦ
1530 5290 1676 5366 Πηλίου)ἡ
1692 5313 1736 5364 με·

1566 5395 1586 5445 εί
