3950 5925
233 413 346 457 cxxxu
890 392 1189 453 Pttocueouuua.
1227 380 1232 389 ’

235 519 330 595 primu
345 516 448 576 desunt
460 516 597 591 prooemii
615 515 732 574 initium
747 517 933 594 capitumque
943 518 1018 575 indi·
1064 512 1127 584 θμδν
1139 514 1220 571 δοκεῖ.
1238 512 1380 570 Praeterea
1394 512 1515 570 Photius
1532 516 1596 569 coti.
1613 514 1682 583 iiiii,
1694 527 1850 591 postquam
1915 498 1920 513 ⁵

235 614 333 684 culus,
348 613 378 669 in
391 612 482 668 altero
496 611 634 689 paraplus
647 610 747 687 Libyae
758 611 895 671 occiduae.
905 612 1019 669 Deinde
1064 608 1099 667 de
1112 608 1261 665 volumine
1278 608 1307 664 in
1321 607 1430 683 quibus
1446 608 1601 666 Alexandri
1614 607 1621 689 l
1634 608 1849 685 Polybium-is)

235 728 306 765 vero
315 706 408 783 majus
416 706 501 763 etiam
509 706 645 763 damnum
653 705 1018 783 intulitscribaecujusdam
1064 702 1229 777 Θαυμασίων
1249 700 1388 779 συναγωγὴ
1404 702 1566 777 legebatur,
1581 704 1721 761 nonnulla
1737 704 1848 774 retulit,

238 803 417 873 festinantia,
439 801 491 877 qui
514 821 589 879 opus
609 814 742 859 nostrum
760 803 906 880 excerpsit
922 803 1020 879 potius
1064 798 1182 872 subjicit
1196 797 1276 855 haec:
1300 796 1346 856 Ἐν
1368 798 1456 876 ταύτῷ
1481 799 1531 874 (in
1553 798 1653 856 eodem
1673 799 1847 873 volumine)
1949 822 1955 827 ·

235 920 322 977 quam
342 899 535 974 transcripsit.
556 897 647 955 Initio
661 918 723 955 rem
739 899 799 973 egit
816 910 948 968 strenue,
968 896 1019 955 sed
1065 891 1092 950 δὲ
1110 890 1155 950 καί
1181 892 1408 971 Πρωταγόρου
1435 892 1643 971 γεωμετρίας
1664 892 1853 973 (γεωγραφίας

236 1015 304 1052 mox
319 995 453 1052 fatiscens
468 994 499 1051 in
516 994 644 1067 generali
657 996 807 1067 regionum
825 993 1021 1070 descriptione
1065 1007 1081 1045 e
1095 987 1241 1045 iliarciano
1254 988 1311 1063 legi
1330 986 1415 1063 jubet
1436 987 1616 1063 casaubon-l
1633 992 1680 1059 τῆς
1698 989 1852 1065 νίκουμένηε

236 1104 267 1147 ut
277 1090 435 1169 plurimum
446 1089 599 1165 acquievit,
612 1090 758 1166 missaque
768 1089 878 1147 secitrlr
891 1089 961 1148 κατδι
973 1088 1020 1163 με’-
1065 1083 1213 1163 έπιγραφὴν
1231 1082 1301 1161 ἔχον,
1315 1084 1409 1160 λόγον
1432 1082 1470 1157 τ’,
1491 1074 1526 1142 ὧν
1545 1083 1640 1159 τὰμὲν
1659 1084 1689 1156 ε’,
1703 1086 1726 1143 εἰ
1749 1085 1794 1143 καὶ
1810 1084 1850 1161 μὴ

170 1231 174 1237 .
237 1209 279 1263 ρος
292 1188 335 1262 γ’),
347 1187 395 1243 Sic
406 1187 437 1243 in
447 1184 525 1242 libro
540 1186 639 1262 primo
652 1185 770 1242 nonnisi
785 1204 843 1241 orae
857 1203 874 1241 a
885 1184 911 1241 'i
913 1185 971 1260 igri
981 1184 1018 1241 ad
1065 1177 1211 1243 σπουδαίως
1225 1177 1270 1236 καὶ
1283 1182 1317 1243 ὡς
1329 1179 1352 1237 οἱ
1363 1176 1468 1256 ὕστερον
1480 1178 1608 1257 άκριόῶς,
1618 1178 1676 1237 α’λλΙ
1689 1170 1732 1235 otia
1744 1178 1792 1248 τὴν
1805 1182 1854 1247 τῆς

233 1280 339 1339 indum
358 1280 546 1358 pertinentis,
567 1280 599 1336 in
623 1279 750 1336 secunda
767 1292 861 1336 autem
875 1279 948 1336 nihil
963 1279 1021 1337 nisi
1065 1274 1153 1340 Ἀοίας
1175 1274 1220 1331 καὶ
1247 1272 1354 1346 Λιόόης,
1378 1274 1511 1332 ἀλλὰκαὶ
1538 1274 1668 1353 Εὐρώπης
1693 1275 1852 1353 περιήγησιν

236 1376 360 1447 Baeticae,
370 1374 538 1450 Lusitaniae,
550 1373 725 1451 Aquitaniae,
736 1373 902 1432 Germaniae
915 1387 943 1432 et
953 1375 1022 1432 Sar·
1065 1372 1190 1428 ποιεῖται·
1206 1366 1236 1427 τδ
1259 1366 1374 1441 δδέκτον
1389 1366 1527 1447 σιίστοιχόν
1546 1367 1602 1435 πώς
1613 1370 1670 1427 ἔστι
1684 1372 1716 1443 τῇ
1732 1367 1854 1436 Ἀλεξάν-

236 1472 331 1529 matiae
346 1471 452 1548 peripli
469 1470 659 1548 particulares
675 1483 846 1547 supersunt,
861 1470 932 1527 adeo
945 1483 977 1527 ut
988 1490 1023 1527 ea
1066 1466 1127 1543 δρου
1143 1468 1295 1544 συναγωγῇ·
1310 1467 1362 1522 τῶν
1373 1464 1424 1543 γδρ
1440 1464 1510 1521 κατά
1525 1464 1571 1535 τὴν
1592 1462 1745 1539 οἰκουμένην
1763 1487 1854 1541 παρα-

233 1566 696 1644 quaepraeceterisserratavelis,
710 1584 763 1641 per
774 1564 912 1641 majorem
923 1566 1022 1642 operis
1068 1557 1288 1637 δοξολογουμὲνων
1304 1558 1449 1639 ἀναγράφει
1461 1556 1508 1629 τὴν
1517 1558 1644 1638 ἱστορίαν,
1657 1552 1693 1619 ὧν
1707 1558 1740 1617 τά
1757 1558 1804 1637 μέν
1818 1560 1855 1624 εἷς

234 1676 349 1740 partem
362 1660 422 1736 jam
440 1660 651 1719 desiderentur.
666 1660 727 1717 iiuc
739 1659 880 1717 accedunt
893 1661 1023 1718 minores
1068 1653 1251 1734 ἀρχαιοτέρους
1275 1654 1415 1735 ἀναφέρει,
1444 1656 1530 1713 πολλὰ
1555 1656 1646 1713 &ixei
1663 1658 1698 1723 εἷς
1724 1656 1855 1737 αὖτοψίαν

239 1758 365 1829 tacunae,
386 1774 420 1812 ac
441 1754 592 1812 nominum
613 1772 860 1829 numerorumque
872 1753 1023 1830 Jdeprava-
1068 1748 1152 1819 ἕλκει,
1164 1754 1211 1824 οὐκ
1223 1750 1330 1807 ἔλαττον
1340 1750 1391 1807 τῶν
1407 1748 1494 1807 ἄλλων
1509 1749 1712 1829 προόοιλλόμενα
1726 1750 1755 1808 τδ
1767 1752 1857 1829 παρά-

239 1852 332 1908 tiones
344 1848 596 1926 frequentissimae.
1069 1844 1150 1913 δοξον.
1169 1846 1262 1925 Σαφὴς
1281 1845 1308 1903 δέ
1325 1844 1371 1903 καί
1385 1838 1457 1913 οὗτος
1476 1846 1521 1903 καὶ
1543 1846 1726 1921 κεφαλαιώδης
1740 1848 1810 1905 κατὰ
1824 1846 1856 1905 τὸ

280 1966 350 2001 aar.
366 1943 422 2001 Sed
431 1963 467 1999 ne
479 1942 574 1999 dolori
588 1940 740 2015 indulgeas
749 1943 948 2019 temporisque
960 1962 1023 2000 cre·
1069 1939 1144 1999 ἕκτον
1154 1940 1201 2011 τὴν
1214 1941 1308 2021 φράσιν
1321 1940 1448 2017 μάλιστα.
1457 1941 1641 2001 Mirabilium
1653 1944 1854 2001 collectionem

232 2059 290 2117 pes
309 2038 460 2114 injuriam.
482 2035 629 2094 Jacturam
647 2036 723 2094 serre
737 2037 805 2094 licet
824 2037 927 2095 levius.
944 2037 1025 2095 Peri·
1070 2049 1179 2114 spectat
1189 2035 1306 2094 Taetzes
1321 2037 1353 2093 in
1364 2036 1439 2097 (liiii.
1459 2034 1536 2109 Vlil,
1549 2040 1619 2109 647,
1634 2036 1686 2095 ubi
1704 2038 1779 2095 iuter
1800 2058 1856 2096 au-

239 2136 305 2213 plus
327 2135 378 2191 ille
405 2132 511 2190 bonam
535 2146 646 2211 partem
670 2151 706 2189 ex
725 2151 813 2209 opere
837 2132 960 2190 selectus
981 2146 1026 2191 est
1069 2143 1164 2189 ctores
1182 2132 1234 2208 qui
1254 2130 1403 2189 mirabilia
1414 2132 1504 2189 muita
1522 2144 1552 2189 et
1565 2132 1715 2190 mendacia
1728 2133 1857 2190 tradide-

233 2229 319 2305 quod
338 2226 478 2286 habemus
499 2226 645 2302 integrum
656 2225 714 2304 (Ἳ.
724 2225 837 2285 Etenim
848 2226 885 2283 de
896 2226 1025 2286 lontibus
1069 2228 1139 2297 rint,
1153 2248 1218 2285 cum
1231 2227 1339 2305 Cresia,
1353 2226 1501 2301 lembulo,
1516 2228 1659 2305 Rhegion,
1674 2222 1855 2301 ¹Alexandro,

239 2325 301 2381 suis
313 2323 478 2381 Marcianus
486 2322 518 2379 iu
526 2321 672 2397 prooemio
683 2320 753 2380 libri
762 2322 851 2399 primi
864 2322 905 2379 ita
914 2320 1002 2381 babet
1016 2344 1022 2379 :
1069 2320 1205 2399 Sotione,
1222 2322 1388 2399 Antigono,
1406 2323 1544 2397 Eudoxo,
1570 2324 1774 2402 llippostrato,
1785 2325 1857 2383 aliis

239 2420 302 2477 Τῶν
316 2416 343 2475 δέ
357 2418 480 2474 ὠκεανῶν
496 2415 626 2497 ἑκατέρων
642 2421 686 2474 τοῦ
704 2439 733 2474 τε
747 2416 813 2497 έῴοο
827 2406 930 2475 καὶτοῦ
946 2420 1025 2475 ἑσπε-
1071 2433 1259 2479 recensentur
1287 2423 1300 2477 δ
1325 2420 1551 2499 Πρωταγόρας
1581 2420 1658 2487 αὐτός
1681 2444 1709 2478 τε
1735 2420 1790 2499 ἅμα
1807 2421 1858 2479 καὶ

242 2504 362 2591 ρίουίίίνν
375 2512 422 2583 τὴν
436 2512 535 2584 εἴδησιν
548 2514 574 2577 ές
591 2509 766 2591 όσονέφικτδν
785 2510 1025 2592 άνθρυίποιςὴτῶν
1073 2516 1247 2591 Πτολεμαῖος.
1273 2513 1306 2572 ln
1331 2514 1461 2591 eJ‘usdem
1482 2514 1594 2573 Taetzae
1620 2514 1740 2575 scholiis
1753 2515 1800 2577 sti.
1822 2516 1855 2578 h.

240 2612 344 2667 πολλῶν
360 2608 460 2679 σπουδὴ
479 2607 525 2665 καὶ
546 2605 690 2687 φιλομαθία
704 2611 776 2687 σαφῆ
798 2606 959 2678 κατέστησεν
974 2605 982 2685 ]
996 2609 1026 2665 ἐκ
1071 2629 1188 2668 versum
1210 2629 1256 2687 ap.
1272 2608 1402 2669 Cramer.
1426 2610 1535 2670 Anecd.
1556 2611 1611 2669 0x.
1626 2609 1681 2682 ΠΙ,
1695 2632 1725 2689 p.
1742 2612 1810 2684 370,
1835 2633 1853 2668 α

240 2711 286 2777 τῆς
299 2703 463 2784 γεωγραφίας
486 2709 531 2763 τοῦ
551 2704 684 2762 θειοτάτου
701 2703 747 2761 καλ
773 2702 924 2784 σοφωτάτου
940 2706 1023 2765 Πτο-
1071 2706 1177 2781 legitur
1201 2706 1406 2785 ιΠρωταγόρας
1423 2710 1436 2763 δ
1451 2706 1611 2785 περιηγητὴς
1624 2707 1669 2765 καὶ
1689 2708 1858 2783 Πτολεμαῖος

240 2800 382 2877 λεμαίου
409 2798 440 2857 ἔκ
464 2822 492 2858 τε
515 2803 561 2871 τῆς
588 2797 821 2879 Πρωταγόρου
844 2802 897 2857 τῶν
912 2799 1025 2858 σταδίων
1070 2801 1386 2880 Διονύσιος,ἱιιιγιιὶίνιεε,
1398 2803 1485 2860 modo
1496 2817 1572 2861 recte
1584 2802 1859 2863 Crameruscodicis

242 2896 454 2976 άναμετρήσειός,
466 2895 499 2968 ἣν
510 2893 672 2962 τοῖςοίκείοις
683 2898 729 2969 τῆς
739 2894 905 2976 γεωγραφίας
917 2894 1026 2974 βιάλίοις
1072 2899 1225 2957 lectionem
1247 2899 1395 2977 exhibeat,
1419 2900 1488 2957 latet
1511 2900 1657 2959 mendum.
1682 2900 1712 2958 Si
1738 2902 1859 2976 ignotus

242 2995 431 3073 προστέθεικεν,
453 2993 491 3052 ίτι
509 2991 561 3070 μὴν
582 2993 627 3051 καὶ
647 2991 743 3071 ἐτέρων
761 2991 893 3050 πλείστων
908 2993 1025 3072 ἀρχαίων
1071 2995 1158 3054 nobis
1174 2995 1347 3054 Ptolemaeus
1368 2995 1487 3072 qnidam
1507 2995 1662 3066 indicatur,
1683 2995 1740 3070 legi
1762 2997 1859 3074 possit

242 3091 350 3168 ἀνδρῶν,
360 3089 404 3147 τδν
417 3088 561 3167 περίπλοον
575 3087 728 3168 ἀναγράψαι
741 3086 928 3167 προειλόμεθα.
945 3088 1026 3147 luter
1071 3092 1085 3146 θ
1099 3088 1252 3161 Διονυσίου;
1267 3089 1317 3148 sed
1328 3090 1428 3148 neseio
1442 3109 1479 3147 an
1494 3089 1681 3148 scribendum
1694 3091 1732 3149 sit
1744 3089 1858 3162 Χέννος,

242 3186 296 3244 hos
314 3187 434 3262 quinam
446 3186 557 3242 fuerint
571 3182 654 3262 έτεροι
669 3184 842 3259 πλεῖστοι,
854 3204 891 3242 ne
902 3184 1025 3242 Marcia·
1072 3206 1137 3245 uam
1154 3187 1325 3247 Ptolemaeus
1337 3188 1553 3246 Alexandrinus
1564 3187 1779 3263 grammaticus,
1797 3188 1858 3246 He-

242 3300 297 3339 raus
307 3281 425 3356 quidem
443 3280 540 3338 dicere
554 3279 691 3357 potuerit.
709 3279 876 3355 Protagorae
893 3279 1027 3338 meminit
1071 3283 1242 3360 phaestionis
1260 3283 1349 3352 iilius,
1368 3283 1655 3362 προσαγορευθεὶς
1669 3282 1702 3341 δέ
1718 3281 1859 3355 Χέννοςς

242 3377 386 3452 etiamn,
402 3379 429 3449 5,
442 3398 472 3455 p.
486 3377 555 3447 543,
569 3376 621 3434 ubi
638 3375 700 3434 haec
711 3397 719 3433 ι
732 3374 811 3435 Ἐπεί
827 3376 853 3434 δέ
870 3376 962 3435 πολλοὶ
973 3379 1025 3434 τῶν
1072 3379 1191 3456 scripsit
1203 3378 1263 3459 περί
1273 3377 1421 3457 παραδόξου
1428 3379 1551 3459 ἱστορίας,
1564 3391 1634 3438 teste
1642 3379 1730 3438 Suida
1740 3401 1770 3440 ν.
1786 3383 1860 3440 Πτο-

240 3477 325 3531 ταθτα
339 3472 373 3530 τδι
389 3471 456 3549 μέρη
470 3470 700 3551 περιπλενσάντων
714 3469 831 3548 respicio
849 3474 901 3528 τῶν
911 3472 1024 3529 σταδίων
1070 3476 1192 3548 λεμαῖες,
1207 3480 1266 3534 sive
1285 3474 1344 3555 περὶ
1356 3480 1403 3548 τῆς
1414 3478 1448 3543 εἰς
1462 3475 1627 3552 πολυμαθίαν
1639 3479 1730 3547 καινῆς
1741 3475 1862 3555 ἱστορίας

242 3568 351 3649 ἀριθμὸν
368 3568 591 3647 διεσφαλησαν,...
615 3568 722 3626 διπλοῦν
736 3570 770 3633 ὡς
790 3566 886 3624 ἐπίπαν
905 3567 948 3625 τόν
967 3569 1025 3646 αἰρι·
1070 3569 1161 3648 λόγους
1171 3569 1208 3647 ἕξ,
1222 3571 1380 3630 secundum
1395 3572 1533 3631 Photium
1544 3572 1618 3632 bibl.
1630 3572 1694 3635 cod.
1711 3593 1766 3648 190
1783 3573 1858 3652 (Μ).

242 3661 306 3738 θμδν
317 3666 370 3721 τῶν
382 3662 493 3721 σταδίων
513 3661 681 3741 προσγράψαι
694 3661 886 3740 προειλόμεθα,
901 3661 931 3720 τό
944 3686 973 3720 τε
988 3661 1025 3738 μὴ
1113 3689 1181 3726 aaa.
1194 3667 1259 3726 lam
1271 3682 1302 3728 ut
1316 3669 1386 3727 iiiuc
1397 3683 1537 3742 revertar,
1549 3670 1715 3730 Marcianus
1725 3668 1860 3729 fontibus

243 3760 334 3814 πλεῖον
351 3755 397 3814 καί
418 3755 449 3813 τδ
474 3755 512 3833 μὴ
534 3754 678 3817 ἔλαττον...
699 3759 785 3816 Τοῦτο
806 3754 857 3834 γδρ
878 3759 967 3836 σαφῶς
980 3757 1027 3816 καί
1072 3763 1134 3820 suis
1144 3764 1185 3820 ita
1194 3784 1264 3822 usus
1275 3777 1330 3838 est,
1341 3777 1445 3841 utquae
1454 3764 1491 3823 ad
1504 3767 1657 3840 regionum
1666 3765 1859 3841 divisionem,

245 3851 425 3931 Πρωταγόρας
436 3853 508 3932 ivr-Ji
522 3851 680 3932 Γεωγραφίη
694 3851 806 3923 ποιήσας
819 3852 891 3910 δοκεῖ
903 3851 951 3923 τὴν
966 3855 1027 3932 περὶ
1072 3857 1156 3926 iines,
1172 3858 1245 3930 loca,
1258 3859 1380 3930 fluvios,
1399 3871 1524 3930 montes,
1542 3860 1653 3920 insulas
1667 3865 1859 3936 pertinerent,

242 3947 302 4015 τοὺς
312 3947 430 4013 σταδίους
439 3947 541 4019 πλάνην
552 3947 747 4028 ἐκπεφευγέναι.
757 3947 837 4020 Etll,
846 3950 895 4022 38,
905 3970 935 4028 p.
949 3950 1024 4011 558:
1072 3970 1088 4008 e
1103 3951 1260 4010 Ptolemaeo
1272 3966 1441 4026 assmucret,
1458 3973 1583 4031 eumque
1597 3954 1627 4011 in
1638 3953 1737 4012 multis
1748 3953 1860 4012 verbo·

242 4041 286 4101 Τδι
302 4040 329 4100 δὲ
345 4039 415 4100 κατδι
433 4041 509 4121 μέρος
530 4045 577 4114 τῆς
595 4042 752 4122 Σαρματίας
771 4043 1038 4124 κεφαλαιωδέστερον-
1072 4057 1156 4104 tenus
1174 4046 1378 4124 exscriberet(
1394 4049 1466 4106 adeo
1483 4062 1514 4106 ut
1537 4067 1639 4106 manca
1653 4067 1729 4126 saepe
1742 4048 1863 4126 possint

242 4137 380 4217 ἐτάξαμεν,
395 4137 433 4217 μὴ
450 4138 602 4220 προσθέντες
614 4142 673 4198 τῶν
681 4139 793 4199 σταδίων
807 4140 850 4199 τδν
864 4139 974 4221 άριθμδν
988 4145 1027 4222 τῷ
1072 4141 1221 4200 Ptolemaei
1247 4143 1347 4204 verbis
1374 4145 1544 4222 resarciri),
1573 4145 1761 4204 stadiasmum
1783 4164 1861 4202 vero

241 4234 286 4292 τδν
304 4233 402 4313 σἰκριόῆ
420 4233 564 4313 περίπλουν
583 4239 630 4293 τοῦ
651 4237 775 4315 ἀρκτικοῦ
794 4235 885 4296 τούτου
910 4237 1027 4294 ὠκεανοῦ
1072 4238 1262 4314 eProtagortt
1278 4253 1471 4300 mutuaretur.
1496 4241 1608 4310 Quodsi
1631 4241 1780 4320 exceperis
1791 4261 1862 4318 quae

242 4330 336 4408 σχεδόν
351 4331 483 4407 ἄγνωστον
495 4329 670 4408 τυγχάνειν...
685 4329 792 4407 μάλισθ’
803 4329 846 4389 ότε
859 4331 905 4390 καί
920 4336 935 4390 ό
949 4334 1027 4412 Πρω-
1072 4334 1104 4392 in
1125 4335 1268 4408 prooemio
1286 4335 1322 4393 de
1336 4335 1418 4394 orbis
1439 4349 1579 4395 terrarum
1603 4351 1632 4395 et
1654 4339 1742 4396 trium
1762 4339 1863 4396 conti·

241 4423 355 4503 ταγόρας
368 4423 697 4504 παραλελοιπέναιτοθτων
710 4427 763 4483 τῶν
778 4425 891 4484 σταδίων
908 4426 951 4484 τδν
965 4427 1025 4505 όρι-
1073 4429 1204 4487 nentium
1228 4431 1373 4491 mensuris
1393 4451 1429 4490 ex
1453 4429 1653 4504 Eratosthene,
1670 4432 1862 4492 Artemidoro

271 4589 302 4648 (*)
317 4588 454 4638 holstenius
463 4593 505 4652 Ep.
522 4588 586 4639 laud.
600 4590 631 4638 ad
644 4591 744 4640 Peiresc.
759 4611 765 4639 :
778 4594 902 4641 absume
914 4591 1021 4653 ingentes
1035 4592 1183 4654 singulorum
1199 4593 1273 4644 terme
1282 4595 1394 4658 capitum.
1408 4616 1419 4640 ν
1432 4596 1544 4646 Pluribus
1555 4596 1586 4646 dc
1602 4595 1640 4646 iris
1651 4595 1712 4646 dixit
1727 4598 1753 4647 it.
1768 4595 1858 4647 Fabri·

241 4659 329 4707 clusin
340 4659 421 4708 iibeiio
436 4673 508 4722 quem
521 4661 643 4724 inscripsit
654 4681 661 4710 ε
676 4664 803 4712 Lectiones
815 4665 973 4713 iiurciurteae
984 4661 1082 4712 breue
1099 4667 1166 4713 1848.
1182 4669 1204 4713 b.

272 4731 318 4789 θ’)
328 4730 435 4778 Gosseiin
446 4731 521 4782 πτολ.
534 4743 581 4781 mr
596 4733 624 4781 la
635 4744 719 4795 φοορτ.
727 4733 832 4793 system.
843 4736 887 4792 iii,
900 4747 923 4796 p.
939 4739 979 4782 tot
994 4751 1000 4781 z
1013 4750 1025 4774 ε
1036 4735 1138 4784 unusne
1147 4734 1237 4784 taisous
1245 4749 1286 4796 pas
1300 4748 1372 4798 usage
1382 4735 1425 4784 des
1435 4737 1554 4786 distances
1565 4737 1670 4787 donnees
1680 4751 1722 4800 par
1734 4740 1756 4788 ie
1766 4737 1860 4798 tieriple

241 4801 272 4850 de
286 4802 325 4849 cet
339 4803 433 4857 autem,
445 4813 516 4862 parce
530 4814 579 4863 que
594 4817 638 4852 son
650 4804 718 4852 teste
735 4805 773 4851 est
792 4803 856 4864 piein
868 4804 899 4854 de
911 4805 1017 4862 lacones,
1039 4802 1069 4852 de
1081 4805 1271 4866 transpositione,
1285 4808 1310 4855 et
1328 4806 1448 4856 d'erreurs
1463 4806 1525 4856 dans
1538 4807 1572 4856 ies
1588 4807 1693 4858 chilbes.
1710 4807 1815 4857 iiaroen
1827 4807 1860 4868 (r)

240 4872 318 4932 parati
331 4870 401 4918 aruir
416 4869 495 4919 reduit
503 4871 526 4919 ia
542 4872 685 4934 graduation
701 4871 732 4921 de
746 4872 868 4923 Ptolemae
877 4887 907 4923 en
924 4872 1012 4929 stades.
1025 4875 1072 4924 etii
1087 4877 1199 4924 nesemit
1213 4876 1400 4939 pasimpossibte
1408 4876 1439 4926 de
1451 4876 1549 4926 retablir
1560 4890 1620 4926 ενεο
1628 4891 1676 4928 une
1685 4882 1748 4928 sorte
1756 4877 1861 4926 d’cxae-

240 4940 318 4989 titude
328 4953 378 4989 une
393 4939 482 5009 grande
499 4943 573 5002 partis
587 4942 618 4992 de
629 4957 673 4992 noo
686 4945 752 4992 texte
765 4956 771 4990 :
782 4943 843 4992 mais
854 4943 876 4992 ie
896 4945 978 4993 barali
993 4945 1151 5008 qu'exiperait
1162 4952 1225 4996 cette
1235 4947 1360 5008 operation
1368 4947 1526 5009 surpasscrait
1543 4949 1667 5011 beaucoup
1676 4949 1770 4998 l'utilite
1781 4949 1860 5010 qu’oa

242 5013 350 5072 pourrait
364 5022 395 5062 en
406 5011 499 5071 retirer,
515 5025 586 5073 parce
600 5014 672 5076 qu’en
681 5013 907 5076 δετυίδτοοιιαιγεε,
921 5028 954 5064 οτι
965 5015 1136 5066 n’obtieoorsit
1150 5016 1235 5078 gueres
1244 5017 1350 5067 d’autres
1360 5018 1473 5068 resultats
1484 5031 1532 5081 que
1540 5031 1603 5069 ceux
1614 5033 1662 5082 que
1674 5033 1734 5070 nous
1745 5019 1862 5068 donnont

240 5080 275 5128 its
285 5081 361 5131 tables
373 5081 404 5130 dc
420 5081 548 5131 protense.
560 5101 572 5124 »

275 5151 332 5210 (Ψ)
348 5152 417 5201 vixit
433 5151 528 5212 Traiani
543 5154 569 5200 et
580 5153 693 5203 Hadriani
707 5153 865 5214 temporibus,
876 5157 904 5203 ut
915 5153 1001 5204 Suidas
1017 5155 1050 5204 ait
1065 5168 1088 5203 ν.
1103 5159 1260 5219 Πτολεμαῖος,
1277 5157 1312 5206 rel
1325 5158 1406 5219 potius
1417 5159 1454 5206 ἐπὶ
1472 5159 1577 5219 Νέρωνος
1590 5160 1629 5208 καὶ
1645 5159 1711 5220 μέχρι
1722 5157 1815 5218 uisos,
1830 5157 1862 5206 ut

241 5221 304 5268 biom
317 5221 389 5270 babet
405 5234 429 5270 ν.
448 5223 623 5285 Ἐπαφρόδιτος.
639 5227 752 5274 ceterum
768 5224 925 5274 Ptolemaeum
940 5226 1013 5275 istum
1026 5241 1073 5276 non
1093 5227 1165 5276 alium
1180 5240 1254 5276 essea
1267 5227 1367 5277 Claudio
1386 5228 1578 5291 Puteolanus
1598 5241 1711 5278 unacum
1727 5231 1862 5289 Protagora

238 5290 305 5352 apud
322 5292 468 5341 Marcianum
479 5294 640 5357 warponitur,
653 5295 752 5357 putabat
776 5296 898 5346 Fabricius
911 5297 927 5346 Ι.
939 5298 954 5346 Ι,
970 5310 993 5360 p.
1007 5303 1062 5347 ³71.
