3950 5925
287 436 325 489 33
843 424 1024 487 sclatets
1046 426 1359 531 canituuuusts'
1784 444 1866 526 {tunt}

287 559 448 639 Παράπλσυς
468 555 519 614 άπὸ
539 554 634 626 ταύτης
651 556 686 621 τίς
700 554 794 635 Θάψον
809 554 910 635 ἡμίρας
928 556 974 615 καί
999 556 1065 636 ἡμί·
1114 566 1249 637 Thapsum
1260 569 1338 620 unius
1349 566 1401 621 diei
1411 578 1437 620 ct
1450 568 1574 622 dimidiae.
1615 574 1806 648 h'l'hapsolad
1818 588 1867 659 Lep

285 671 359 715 σεως.
402 644 466 706 Ἀπὸ
489 642 660 721 diffidam*
675 643 741 720 [καί
755 642 898 723 binaeue]
911 648 957 711 τῆς
971 655 1067 725 μικρᾶς
1112 654 1275 725 tiapetrisam
1293 654 1563 728 natrigatiomlepti
1572 661 1703 729 parram!
1717 664 1867 735 Ades-menn

284 736 330 793 καί
347 732 505 813 Ἀδρύμητός
519 732 575 789 ἔστι
590 729 686 796 κόλπος
700 729 782 805 μέγας
796 729 877 807 τίσω,
892 722 952 812 ίνῷ
966 735 983 801 ἡ
996 733 1065 810 Σύρ·
1115 742 1220 814 Thapso
1241 754 1328 794 niuem
1350 755 1375 795 et
1395 744 1489 816 Lepti]
1514 762 1593 815 parva
1611 758 1637 799 et
1661 748 1792 821 hdrymete
1809 760 1867 815 sinus

284 847 322 889 τις
340 822 395 882 ἐστὶ
414 824 431 891 ἡ
454 816 554 898 μικρδι,
578 818 725 897 Καρκινῖτις
747 818 912 894 καλουμένη,
934 819 1002 878 πολὺ
1021 825 1067 891 τῆς
1112 844 1221 897 magnos
1234 830 1304 881 intus
1318 829 1441 895 llcctitur,
1458 832 1485 883 in
1498 844 1601 902 quaest
1622 835 1702 905 Syrtis
1720 824 1806 907 minor,
1817 848 1866 900 (η.

283 912 365 981 ἄλλης
379 907 503 987 Σύρτιδος
514 904 689 987 χαλεπωτέρα
703 906 749 964 καλ
763 905 969 986 δυσπλοωτίρα,
984 899 1015 978 ἧς
1035 908 1065 967 τδ
1110 915 1197 966 cinitis
1208 914 1344 985 appellata,
1357 916 1438 969 altera
1452 918 1520 988 Syrti
1531 919 1615 972 multo
1624 923 1866 1003 saeviornavigntuque

282 997 438 1077 περίμετρον
448 993 542 1053 στάδια
556 996 593 1072 Ιβ.
616 992 664 1052 Ἐν
673 991 918 1072 ταίτῃτῇΣίρτιδι
929 992 1065 1065 ἐνέστηκεν
1110 1000 1259 1068 difficilior,
1284 1002 1358 1073 cujus
1381 1004 1496 1057 ambitus
1519 1017 1558 1059 est
1581 1008 1722 1063 stadiorum
1742 1030 1810 1071 τινος).
1842 1022 1865 1074 1„

281 1089 298 1155 ἡ
321 1088 398 1156 νῆσος
423 1080 552 1161 Τριτωνὶς
572 1079 723 1157 καλουμένη
744 1080 789 1139 καὶ
813 1081 931 1156 ποταμδς
950 1081 1065 1159 Τρίτων,
1111 1088 1159 1141 hac
1178 1090 1246 1160 Syrti
1267 1090 1392 1143 collocata
1411 1102 1450 1143 cst
1467 1092 1550 1146 insula
1569 1094 1610 1165 [et
1629 1096 1716 1168 lactu]
1730 1100 1830 1155 Tritonis
1846 1120 1865 1161 ιο

281 1171 327 1229 mi,
344 1169 450 1229 ,5550st
466 1168 536 1227 ἐστὶν
554 1167 664 1239 Ἀθηνᾶς
678 1168 834 1247 Τριτωνίδος
847 1167 926 1246 ἱεράν.
970 1166 1064 1243 Στάμα
1111 1175 1205 1228 llurius
1215 1176 1320 1241 Triton,
1338 1176 1427 1247 ibique
1442 1188 1481 1231 est
1497 1180 1622 1233 Minervae
1634 1182 1771 1238 Tritonidis
1784 1188 1862 1245 lanum.

282 1258 309 1318 δὲ
331 1257 386 1338 ἔχει
406 1264 423 1329 ἡ
445 1258 526 1334 λίμνα,
550 1256 658 1336 μικρὸν,
679 1256 724 1315 καὶ
748 1257 774 1313 ἐν
797 1258 835 1335 τῷ
856 1256 968 1330 στόματι
987 1260 1066 1327 νῆσος
1109 1262 1147 1313 Os
1165 1262 1235 1314 lacus
1254 1262 1378 1329 exignum
1399 1264 1492 1329 babet,
1514 1276 1540 1319 et
1563 1268 1590 1319 in
1611 1286 1657 1320 ore
1676 1271 1753 1325 insula
1770 1274 1864 1345 adjectam

282 1348 382 1406 ἔπεστι·
407 1347 451 1404 καί
475 1346 538 1404 δταν
562 1345 695 1411 ἀνάπωτις
710 1336 747 1421 ᾖ,
768 1343 848 1401 {alors
874 1344 991 1421 ἡλίμνη
1018 1345 1066 1402 οὐκ
1109 1348 1218 1419 quando
1230 1348 1426 1415 medisinam,
1439 1350 1573 1405 interdum
1588 1352 1760 1409 lacsrsnullum
1773 1364 1865 1431 praelum

282 1435 353 1515 ἔχειν
373 1432 495 1493 εἴσπλουν
518 1432 574 1490 ἐστὶ
602 1433 740 1513 φαίνουσα.
785 1430 820 1491 ‘ll
845 1431 873 1489 δί
895 1432 976 1508 λίμνη
995 1430 1062 1501 αὕτη
1109 1438 1291 1507 navigantibus
1302 1455 1433 1490 aceessum
1451 1436 1564 1491 videtur.
1604 1442 1686 1495 lactu
1699 1454 1778 1497 autem
1793 1446 1864 1503 hicest

279 1523 337 1583 ἐστὶ
366 1521 491 1599 μεγάλη,
513 1520 544 1578 τὸ
571 1522 728 1599 περίμετρον
756 1518 854 1599 ἔχουσα
881 1521 917 1585 ὡς
948 1519 1062 1577 σταδίων
1109 1540 1228 1593 mmnus,
1239 1524 1367 1578 ambitum
1376 1524 1736 1581 habensstadiorumciiciter
1745 1532 1813 1585 mille.
1821 1537 1865 1587 Cir·

279 1609 381 1690 χιλίων.
425 1607 630 1687 Περιοοιοῦσιδί
645 1607 728 1679 αὐτὴν
743 1604 962 1675 Λίάυεςπάνττς“
978 1606 1061 1682 ἔθνος,
1108 1610 1383 1664 cumhabitantlacum
1396 1614 1535 1680 Gyzantes,
1552 1613 1727 1685 gensLibyra,
1742 1622 1865 1689 atqnends

282 1698 329 1757 καί
355 1696 429 1766 πόλις
454 1695 486 1754 τὰ
521 1695 642 1755 ίπίκεινα
664 1695 729 1774 πρὸς
751 1695 827 1766 ἡλίου
853 1695 967 1772 δυσμάς·
990 1686 1061 1752 οὗτοι
1107 1705 1147 1747 est
1155 1707 1227 1750 trans
1237 1696 1322 1749 laeum
1332 1714 1422 1749 vorsus
1431 1714 1553 1750 occasum
1568 1700 1627 1751 sita,
1665 1702 1696 1752 lli
1707 1705 1821 1771 Gyzantes
1832 1710 1865 1759 Li·

279 1785 331 1866 γὰρ
353 1784 490 1851 ἅπαντας*ι
504 1782 602 1850 bidus<
616 1782 735 1861 λέγονται
750 1782 850 1856 ξανθοὶ,
870 1780 1063 1841 darnestal
1108 1782 1171 1853 byes
1183 1781 1311 1837 dicuntur
1323 1784 1382 1836 ssavi
1393 1800 1543 1837 omnesesse
1557 1794 1584 1837 et
1598 1785 1769 1856 pulcherrimi.
1802 1794 1865 1861 hegio

279 1873 423 1933 ammon
466 1871 522 1933 Καὶ
544 1876 560 1943 ἡ
586 1871 662 1951 χώρα
686 1870 753 1941 αὕτη
773 1870 869 1948 ἀρίστη
887 1870 934 1929 καὶ
954 1892 1061 1951 ,sappo-
1108 1868 1163 1922 haec
1174 1871 1358 1940 optimaestet
1372 1869 1568 1935 fecundissima,
1579 1890 1718 1943 gregesque
1728 1892 1798 1945 penes
1810 1880 1864 1949 lysis

278 2130 435 2192 sequnntur,
451 2138 484 2171 ox
497 2119 539 2171 καὶ
555 2119 661 2189 δρονίτις
676 2119 746 2171 eruit
763 2118 961 2188 Τριτωνίτης
978 2118 1062 2185 (doh.
1109 2117 1170 2171 cod.
1187 2119 1282 2183 Paris.;
1308 2117 1375 2187 ἔχων
1392 2116 1408 2183 ἢ
1432 2118 1457 2169 λ.
1476 2119 1537 2171 cod.
1560 2122 1680 2181 vatican.
1703 2124 1790 2177 Totum
1811 2128 1865 2181 honr

268 2201 440 2272 ,Τριτωνῖτις)
455 2196 626 2262 ἓστλιιδλποςς
638 2214 786 2268 perperam,
801 2198 857 2249 sive
870 2197 957 2250 literas
966 2198 1065 2250 codicis
1109 2196 1196 2249 locum
1217 2194 1279 2249 inde
1298 2214 1313 2247 a
1334 2198 1414 2267 στόμα
1433 2198 1569 2268 usquead
1589 2202 1692 2252 σταδίων
1709 2202 1790 2271 χιλίων
1802 2208 1863 2261 into·-

276 2283 331 2333 sive
350 2277 523 2348 geographica
542 2287 652 2348 spectes.
676 2277 800 2329 Ceterum
819 2277 892 2329 sinus
910 2276 951 2329 ille
975 2295 1065 2331 revera
1108 2275 1219 2345 polatori
1232 2274 1346 2329 vindicat
1367 2276 1477 2341 Gailios,
1495 2279 1557 2347 quia
1571 2280 1654 2333 multo
1668 2286 1813 2338 accuratiora
1824 2289 1864 2339 No·

276 2358 339 2411 inde
352 2358 484 2428 a'l'bapso
502 2355 610 2409 demum
619 2355 686 2408 urhe
700 2355 802 2427 incipit,
819 2354 887 2408 adeo
905 2366 936 2407 nt
947 2356 1064 2427 leptidis
1107 2364 1161 2407 ster
1181 2354 1394 2425 praebeatquatn
1410 2354 1572 2422 Herodotus,
1597 2375 1678 2428 quum
1700 2370 1779 2415 tamen
1791 2366 1863 2421 Scalas

275 2448 303 2490 ct
323 2436 463 2491 Adrumeti
484 2437 583 2489 mentio
607 2433 754 2488 omittenda
779 2433 879 2487 suisset.
904 2434 956 2488 Sed
978 2437 1064 2506 ipsum
1107 2434 1242 2487 Gailianus
1262 2433 1345 2486 multo
1365 2434 1398 2486 sit
1412 2434 1549 2488 Herodoto
1565 2438 1706 2507 antiquior.
1722 2425 1863 2517 ll—tz'aa]

275 2527 422 2580 auctorem,
434 2534 489 2575 non
503 2533 565 2568 vero
583 2514 731 2567 scribarum
749 2513 913 2566 oscitantiam
933 2512 1064 2567 Adrume-
1108 2510 1176 2578 ὁτῆς
1188 2510 1260 2576 cod.;
1271 2512 1481 2567 em.Salmasius.
1495 2515 1506 2581 ΙΙ
1520 2514 1711 2586 -ἔχεινῙέχ
1722 2518 1776 2571 cod.
1789 2522 1863 2585 Paris,

275 2606 333 2647 ωιτν
344 2613 405 2647 cum
416 2595 490 2646 initio
504 2592 773 2663 sinuseonrposuisse,
787 2591 999 2660 exsequentibus
1010 2591 1062 2644 col-
1108 2589 1174 2661 ἔχων
1199 2594 1294 2645 iterum
1319 2590 1379 2644 eod.
1402 2594 1463 2645 Vat.
1490 2594 1501 2662 ΙΙ
1523 2593 1638 2648 -ἐστλ
1655 2594 1814 2671 φαίνουσι]
1835 2604 1865 2654 rel

275 2673 342 2743 ligis,
352 2673 398 2725 nbi
407 2672 553 2742 Neapolim,
561 2689 621 2741 quse
629 2669 1009 2741 seqnitnrposttldrnmetum,
1023 2672 1063 2722 in·
1107 2668 1172 2723 ἐστίν
1194 2670 1358 2741 ἂναραίνουσα
1381 2670 1520 2739 legendum
1548 2690 1601 2743 pro
1630 2678 1794 2745 συνοροίνουσα
1811 2682 1866 2734 mdi-

274 2750 392 2804 troducit
406 2750 491 2803 verbis
508 2766 516 2803 :
530 2750 600 2804 Μετὰ
614 2750 640 2803 δὲ
652 2747 697 2815 τὴν
705 2749 801 2819 Σῦρτιν.
817 2752 857 2801 De
867 2749 1062 2819 Tbapsoinpe·
1105 2750 1152 2803 cis.
1165 2750 1275 2803 Clausen
1287 2748 1361 2803 dedit
1374 2750 1552 2820 σομραίνουσα,
1569 2753 1681 2806 νοτίοισι
1691 2755 1718 2807 h.
1728 2755 1744 2808 l.
1758 2758 1865 2829 ineptnm;

275 2830 379 2883 ninsula
397 2830 446 2882 sita
457 2830 584 2900 tubisque
601 2830 685 2882 ruinis
700 2828 752 2897 (ad
767 2827 991 2896 llas-ed-Dimos)
1006 2828 1060 2883 vid.
1106 2828 1322 2899 Salmasiusoonj.
1333 2830 1416 2881 ναυσὶν
1427 2826 1606 2899 ίνποραίνουσα.
1623 2834 1633 2901 ΙΙ
1644 2842 1864 2909 -περιοιιοῦαι]

274 2908 361 2964 Shaw.
381 2908 489 2963 Troicis
503 2927 532 2982 p.
552 2926 611 2979 ¹¹9·
625 2907 715 2962 Barth.
731 2925 758 2979 p.
776 2908 836 2960 163.
848 2908 888 2959 De
899 2908 1001 2960 ratione
1013 2926 1061 2962 no·
1105 2909 1242 2978 περιέπουσι
1262 2906 1356 2962 codex.
1377 2908 1515 2978 Vulgatam
1536 2920 1630 2964 tuetur
1649 2912 1745 2968 Gallius
1762 2916 1865 2988 interpre-

272 2988 377 3042 minum
399 2988 490 3059 θάψας,
510 2987 590 3057 θάψα,
615 2985 758 3057 Θαψίπολις,
782 2986 873 3055 Θάψας,
899 2986 1012 3056 Θάψακος
1034 3005 1059 3039 ν.
1105 2995 1162 3039 tans
1177 2988 1358 3049 :columem
1378 2987 1463 3040 tasum
1483 3007 1569 3041 omnes
1592 2989 1679 3061 Librae
1688 3005 1777 3058 gentes.
1791 2996 1864 3065 Cujus-

273 3069 379 3121 lllovers
392 3068 409 3121 l.
424 3068 442 3120 l.
463 3085 490 3138 p.
506 3071 566 3129 164.
579 3071 642 3135 296.
663 3067 726 3135 329.
744 3067 806 3128 343,
819 3066 909 3135 Leptis
927 3082 1009 3135 parva
1022 3077 1060 3119 est
1104 3065 1176 3119 modi
1186 3067 1341 3120 sententiam
1356 3077 1432 3120 tenor
1445 3065 1615 3138 sequentium
1627 3089 1679 3122 non
1692 3071 1804 3128 admittit.
1818 3077 1826 3144 ΙΙ
1838 3107 1865 3116 -

271 3165 356 3218 ptnpe
370 3147 434 3200 hod.
448 3152 554 3209 temam·
570 3145 763 3199 Hadrumetum
775 3145 821 3197 nbi
839 3163 913 3196 nunc
925 3151 1001 3199 Susa.
1021 3150 1060 3200 De
1104 3146 1212 3208 Λίίυες
1231 3148 1365 3218 πάντες]
1378 3146 1455 3199 hidros
1464 3149 1552 3209 πάντες
1566 3149 1663 3215 oodex,
1676 3163 1804 3224 corrupte;
1815 3157 1864 3206 scri·

271 3228 357 3280 ruinis
370 3245 396 3280 ν,
414 3225 538 3280 tt-uekrt
550 3227 577 3278 in
589 3229 670 3278 Extr.
685 3237 711 3277 et
722 3224 830 3278 llbtices
840 3234 860 3276 t.
880 3226 943 3289 XII,
955 3244 983 3296 p.
996 3230 1057 3290 485.
1103 3223 1219 3277 bendum
1233 3225 1317 3287 Λίὸυες
1328 3225 1445 3288 Ιλίζαντες
1454 3226 1493 3278 νσΙ
1504 3226 1627 3290 Βύζαντος
1639 3229 1678 3280 vel
1689 3229 1811 3300 Ζιίγαντες,
1822 3251 1865 3283 mo

270 3307 362 3360 Barth.
375 3308 434 3370 154.
451 3308 463 3375 ll
477 3337 514 3354 -η
525 3305 712 3376 Κερκινῖτις
722 3307 731 3376 ]
743 3324 812 3374 παρα.
827 3303 900 3371 cod.;
913 3323 965 3358 em.
978 3307 1057 3361 Voss.
1103 3303 1225 3356 uentibus
1242 3304 1380 3357 Gronovio
1397 3315 1424 3356 et
1438 3304 1589 3359 Clausenio.
1608 3306 1684 3378 Apud
1700 3307 1815 3362 Herodot.
1826 3313 1864 3375 lli,

274 3387 287 3453 ΙΙ
299 3415 334 3426 -
344 3385 446 3439 δυσπλ
455 3387 591 3456 οωτίρα]
611 3383 792 3454 δυσπλοτοτέρα
813 3383 886 3448 cod.;
907 3403 960 3438 em.
980 3384 1056 3438 editt.
1105 3385 1156 3437 180
1165 3383 1251 3436 lacurn
1262 3383 1384 3436 accolunt
1395 3386 1526 3438 Ausenscs
1538 3395 1565 3438 et
1582 3387 1729 3458 Machlyes;
1741 3389 1864 3460 Machlyes

271 3465 285 3531 ss
297 3464 431 3515 -σταδ,
446 3464 498 3535 ,βλ
514 3468 583 3516 1600
594 3482 648 3517 sec.
667 3461 799 3516 Emtosth.
815 3479 858 3532 ap.
874 3463 998 3516 Stiabon.
1021 3467 1056 3528 11,
1103 3463 1172 3514 sium
1186 3481 1248 3514 vero
1263 3463 1388 3515 linitimos
1405 3460 1470 3516 dicit
1484 3465 1589 3535 Mazyes
1606 3466 1647 3518 vel
1659 3468 1759 3538 Manyes
1770 3479 1793 3519 et
1805 3468 1864 3520 dein-

269 3560 298 3614 p.
314 3544 381 3608 123,
393 3535 532 3611 Agathem.
547 3544 570 3605 l,
585 3543 611 3595 3.
626 3545 663 3607 11,
679 3545 727 3606 τίς,
739 3541 834 3593 Eusth.
844 3541 877 3594 ad
892 3543 973 3594 Dion.
989 3559 1056 3612 ¹995
1102 3558 1162 3612 ceps
1173 3543 1302 3612 Gyzantes
1314 3544 1326 3610 (
1335 3542 1381 3613 qui
1399 3541 1455 3594 aliis
1474 3544 1611 3616 Byzantes,
1628 3546 1743 3599 Hecatae
1761 3550 1865 3618 Zygantcs

269 3632 449 3674 trecentorum
459 3620 523 3674 mill.
533 3638 603 3691 pass.
613 3639 665 3674 sec.
675 3620 768 3691 Polyb.
777 3639 820 3691 ap.
829 3621 897 3674 Plin.
908 3624 943 3686 V,
957 3626 983 3685 4.
997 3623 1007 3690 ΙΙ
1022 3653 1058 3664 -
1101 3629 1163 3672 sunt
1172 3621 1200 3690 );
1216 3621 1311 3692 Libyes
1325 3639 1387 3673 vero
1399 3622 1445 3691 qui
1461 3620 1522 3673 indc
1534 3624 1697 3678 aTritonide
1710 3625 1796 3696 palude
1806 3627 1864 3679 hahi-

269 3700 442 3770 Τριτωνίς]
462 3700 584 3769 Τρίτωνος
596 3697 668 3763 cod.;
683 3700 795 3752 mutarit
808 3700 931 3763 Vossius;
947 3701 987 3753 sin
1002 3703 1057 3754 vul-
1101 3707 1166 3764 tent,
1183 3718 1237 3752 non
1260 3699 1371 3771 amplius
1384 3717 1440 3752 esse
1459 3700 1605 3768 nomades,
1627 3705 1731 3775 Maxyes
1751 3704 1864 3757 stabilibus

270 3789 330 3846 gata
341 3780 509 3849 acquiescere
525 3778 598 3842 velis,
613 3777 679 3831 nihil
696 3778 823 3848 refragor.
838 3780 962 3832 Ceterum
973 3797 1057 3851 quum
1101 3779 1140 3830 uti
1151 3777 1267 3843 sedibus,
1280 3796 1362 3831 comae
1371 3788 1478 3831 tonsura
1489 3797 1655 3852 corporeque
1665 3782 1745 3834 minio
1754 3783 1824 3834 tincto
1834 3784 1864 3833 in-

269 3853 681 3928 inseqq.h)tlpquescribatur,
695 3858 856 3909 mentionem
869 3855 1057 3925 ejnshoeloco
1100 3859 1198 3926 signem
1213 3877 1299 3929 neque
1319 3859 1423 3928 Libyen
1436 3857 1481 3910 sed
1497 3860 1618 3913 Asiaticae
1636 3863 1735 3932 stirpis;
1754 3861 1818 3932 perln
1858 3863 1863 3911 i

269 3929 417 3986 faciendam
429 3936 464 3988 ab
476 3945 630 4007 excerptone
647 3935 771 3988 omissma
783 3953 839 3987 esse
856 3945 927 3988 mete
946 3954 1056 3991 monue-
1099 3939 1170 3990 enirn
1182 3936 1307 3990 εἶναιτῶν
1325 3935 1351 3989 ἔνι
1362 3937 1449 4006 Τροίας
1466 3935 1560 4008 ἄνδρων
1573 3942 1584 4006 (
1596 3958 1613 3992 e
1624 3940 1761 3993 Palaestina
1771 3938 1863 3990 advenas

267 4025 342 4068 runt.
354 4015 435 4084 Quod
445 4015 528 4070 insula
540 4017 567 4068 in
578 4015 680 4086 Syrtide
692 4015 771 4069 luisse
781 4015 887 4079 dicitur,
898 4014 927 4067 id
934 4017 970 4069 ita
979 4018 1056 4070 intel·
1099 4016 1164 4069 dicit
1180 4019 1293 4088 Prooop.
1306 4019 1337 4070 B.
1359 4015 1448 4070 Vand.
1467 4019 1503 4082 Π,
1520 4033 1552 4070 ιο
1561 4022 1582 4086 ).
1599 4017 1642 4072 hd
1656 4019 1761 4072 andem
1774 4019 1861 4088 stirpen

267 4089 328 4160 lige,
342 4093 456 4148 utlacus
467 4095 532 4148 mari
541 4092 649 4165 junctus
661 4093 775 4164 ideoque
791 4093 978 4163 λιμνοθάλαττα
995 4113 1056 4166 pars
1099 4097 1283 4167 pertinuerunt
1297 4099 1436 4167 Gyzantes,
1452 4113 1518 4166 qnos
1532 4097 1595 4150 item
1615 4099 1697 4150 minio
1711 4115 1810 4168 corpora
1821 4097 1862 4148 tin·

267 4170 347 4224 snerit
361 4172 483 4244 Syrtidis.
496 4174 597 4236 insula,
610 4191 690 4244 quam
705 4173 765 4225 Φλᾶ
776 4171 926 4226 Herodotus
937 4175 986 4238 IV,
1006 4179 1055 4244 178
1099 4193 1159 4244 gere
1170 4175 1321 4230 Herodotus
1331 4185 1428 4230 nan-at.
1442 4175 1567 4229 Similiter
1581 4193 1646 4230 vero
1656 4177 1779 4248 Scylacem
1789 4185 1862 4227 nostro

267 4261 352 4316 voest,
367 4253 395 4304 in
406 4253 465 4306 laen
477 4264 503 4306 et
513 4271 597 4325 prope
605 4254 702 4306 ostitun
711 4251 767 4322 ejus
775 4252 825 4304 sita
837 4261 901 4304 erat.
917 4253 1055 4308 Ambitum
1099 4254 1158 4309 loco
1167 4266 1269 4326 gentem
1283 4273 1429 4311 memorare
1448 4257 1671 4322 aNasamonum,
1684 4259 1860 4316 Garamantum,

266 4327 348 4394 lacus,
361 4333 409 4401 qui
427 4350 499 4385 nnnc
510 4343 550 4386 ast
563 4331 859 4402 &hibi-ahelwndjad
872 4333 883 4398 (
895 4330 987 4385 Scbaw
1002 4334 1019 4387 l.
1035 4335 1053 4387 l.
1098 4335 1207 4389 aliarum
1226 4337 1396 4406 nigrescentis
1414 4334 1508 4388 eoloris
1519 4337 1638 4406 gentium
1647 4339 1725 4408 stirpe
1738 4335 1860 4394 diversam,

265 4425 295 4478 p.
307 4410 360 4478 275
370 4413 380 4479 )
389 4413 577 4465 satisaocmate
586 4431 601 4464 a
610 4412 714 4483 Scylace
722 4411 823 4464 difiniri
832 4409 947 4465 videtur.
959 4413 1055 4468 Triton
1099 4414 1160 4468 inde
1171 4413 1252 4486 liquet
1261 4414 1333 4486 qnod
1343 4413 1395 4476 ξαν
1404 4416 1416 4468 d
1425 4414 1476 4476 οὶνς
1489 4433 1544 4468 asse
1561 4413 1638 4469 dicit.
1654 4411 1860 4483 Quemadmodum

266 4486 363 4539 tluvius
371 4499 411 4541 est
422 4489 459 4541 El
470 4489 613 4553 Hmnmnln,
628 4491 676 4561 qui
687 4508 759 4542 nunc
770 4500 859 4544 tamen
870 4507 924 4542 non
942 4492 1055 4562 amplius
1097 4494 1125 4545 in
1139 4493 1209 4546 hisee
1227 4494 1379 4563 regionibus
1397 4494 1482 4563 Ζυγιῖς
1495 4503 1521 4546 et
1540 4494 1659 4556 Βδζαντες
1669 4493 1742 4565 justa
1753 4492 1861 4547 habitasse

265 4581 298 4617 ex
318 4566 375 4634 ipso
386 4566 444 4619 lacu
461 4566 611 4637 egreditnn
623 4567 696 4640 quod
713 4587 747 4622 ex
757 4570 867 4638 aggestis
888 4570 984 4635 arenis,
996 4589 1069 4642 quae·
1097 4583 1229 4638 narratur,
1246 4575 1284 4626 sic
1295 4574 1380 4645 Ζυγτῗς
1389 4583 1416 4626 et
1428 4573 1528 4634 Βουζείς
1541 4575 1552 4641 (
1563 4572 1633 4625 idern
1645 4589 1739 4625 nomen
1757 4565 1861 4638 estquod

264 4642 344 4694 etiam
358 4639 469 4696 insulam
481 4647 551 4698 ostio
558 4645 720 4716 adjacentem
734 4657 811 4700 terrae
817 4646 936 4717 junxisse
944 4647 1051 4715 debent,
1097 4652 1216 4714 Βύζαντος
1225 4656 1236 4721 )
1245 4671 1288 4724 ap.
1299 4653 1409 4706 Ptolem.
1418 4655 1468 4716 IV,
1480 4652 1494 4704 5
1504 4670 1531 4723 p.
1542 4669 1594 4722 279
1602 4652 1682 4706 habes
1692 4653 1719 4704 in
1729 4649 1860 4721 Cyrenaica,

264 4719 394 4790 pmlishili
412 4723 514 4779 ratione
528 4725 668 4796 explicant.
693 4724 845 4778 Herodotus
862 4743 970 4796 quoqne
986 4745 1058 4798 qua-¹
1097 4730 1222 4784 uhihaud
1237 4731 1319 4784 dubie
1330 4730 1414 4785 sabula
1426 4731 1616 4801 conjunxiteos
1633 4749 1693 4783 cum
1712 4725 1860 4783 Antenor-ldis

264 4810 342 4854 tenus
351 4803 362 4867 (
371 4803 421 4864 IV,
436 4805 506 4871 178)
518 4805 573 4874 ipsa
592 4805 649 4858 loca
659 4803 794 4870 describit,
811 4805 845 4858 de
857 4806 916 4858 laen
936 4807 1055 4878 loquitur·
1097 4809 1203 4862 advenis
1216 4809 1346 4882 Trojanis.
1362 4812 1372 4880 ll
1384 4841 1421 4851 -
1432 4811 1586 4882 desetor]
1597 4813 1615 4864 i.
1632 4829 1656 4864 e.
1664 4809 1754 4880 jejuni.
1768 4811 1860 4871 trign-

265 4896 347 4948 qnem
362 4879 452 4934 festiva
465 4898 562 4953 ponrpn
577 4884 672 4955 Libyes
691 4885 873 4948 circuisseunu
896 4885 941 4938 ubi
963 4897 1050 4942 autem
1096 4888 1159 4942 cites
1169 4907 1199 4942 ea
1210 4907 1273 4942 cone
1284 4889 1372 4942 dicere
1383 4887 1567 4942 voluitillaud
1579 4888 1679 4942 credas.
1690 4886 1791 4940 Vossius
1800 4881 1858 4949 conj-

264 4966 380 5010 ruerem
398 4959 502 5012 Jasonis
517 4958 631 5014 fabulam
645 4961 735 5026 refert,
749 4962 786 5014 ihi
805 4963 884 5015 etiarn
904 4981 995 5033 vegam
1015 4965 1053 5018 la·
1097 4968 1227 5034 ἄπλαστοι,
1239 4967 1401 5041 amputari,
1419 4967 1572 5040 minimeque
1580 4965 1794 5038 fuenti,·Gailins
1807 4961 1859 5015 alt·

262 5033 385 5089 bularnrn
399 5039 583 5110 geographiam
598 5051 766 5112 representat
783 5050 862 5112 atque
876 5043 911 5095 its
925 5043 1051 5113 loquitur,
1096 5047 1389 5118 orol,sncnti(!);idem
1399 5041 1860 5120 proposuitque-conmmeatum·

263 5117 338 5183 quasi
360 5118 478 5171 Tritonis
496 5120 567 5172 lamas
587 5119 658 5173 idean
674 5120 743 5174 soret
762 5139 823 5173 cnm
844 5122 913 5192 Syrti
937 5124 1051 5177 minore.
1096 5145 1159 5179 στοι.
1174 5129 1260 5181 Possis
1270 5125 1411 5192 είπλαστοι,
1424 5127 1613 5193 benelonnati,
1628 5127 1669 5179 vel
1678 5126 1799 5186 άσπασιοι,
1812 5137 1859 5172 mo-

263 5195 353 5260 Qnam
377 5197 531 5250 sententiam
556 5198 605 5270 ipsi
619 5199 697 5250 etiam
715 5199 814 5269 Scy-laci
829 5201 939 5254 Vossius
960 5201 1052 5257 obtrn·
1096 5207 1169 5259 ribus
1186 5208 1309 5271 amonim
1327 5206 1372 5259 sed
1387 5209 1440 5259 veri
1455 5206 1600 5278 quidquam
1617 5207 1658 5259 his
1671 5203 1775 5258 insolitis
1789 5203 1858 5253 inesse

266 5269 328 5325 lim
348 5273 437 5328 votuit.
463 5277 474 5344 ΙΙ
494 5307 530 5318 -
544 5276 612 5347 ἔχει
632 5276 648 5342 ί]
666 5278 785 5349 λίμνη]
807 5278 837 5349 ly
849 5283 860 5348 (
869 5282 926 5350 sic)
947 5280 1050 5354 ἡλίμνη
1095 5285 1198 5340 (lubitu.
1212 5286 1300 5340 lllttlim
1314 5285 1397 5348 ξανθοὶ
1410 5287 1511 5348 ἅπαντες
1527 5286 1566 5340 καλ
1582 5285 1715 5338 κάλλιστοι.
1733 5285 1742 5352 ll
1756 5313 1786 5321 —
1804 5279 1856 5330 trt-
