3950 5925
226 419 268 463 xc
881 396 1181 459 Paotuuottttrtt.

225 523 372 602 Hyrcania
385 536 414 581 et
428 542 518 601 supra
535 520 720 597 Parthyenca
734 522 895 579 Astauenos
912 521 1008 579 collo-
1055 539 1133 577 seam
1162 516 1323 593 Margiane
1354 527 1502 586 accenset;
1525 514 1700 573 Ptolemaeus
1727 514 1842 573 Nisaeos

226 621 286 678 cari
313 620 440 692 videret,
471 622 578 677 alteros
609 619 769 675 Astauenos
799 616 1006 692 distingueret,
1056 612 1143 671 habet
1156 614 1187 670 in
1202 612 1335 683 A1·ia,ex
1349 609 1532 685 antiquiore,
1545 609 1662 686 opinor,
1678 610 1840 688 scriptore3

153 704 168 777 '„
227 714 352 792 ideoque
362 714 436 773 mari
447 713 554 791 Caspio
569 712 721 790 proximos
735 711 852 769 laceret.
870 711 1008 780 -Quod
1056 710 1192 767 similiter
1211 707 1311 767 Σουσίσ
1329 706 1495 787 (hodierna
1510 710 1566 763 Tar
1585 706 1810 781 non'italonge
1824 726 1843 763 a

225 810 327 868 attinet
338 806 438 867 Ἀσαάνι
451 806 573 880 urbem,
595 807 622 865 ἐν
635 797 654 883 ᾖ
666 804 795 883 Ἀρσάκης
810 807 912 883 πρῶτος
928 809 1010 884 βασι-ν
1055 807 1086 861 Ν
1087 812 1202 879 isapour
1213 802 1333 861 boream
1352 813 1380 859 et
1400 802 1543 859 orientem
1560 820 1662 859 versus
1675 801 1730 859 sita
1741 798 1750 879 l
1764 801 1842 859 scri-

227 902 287 970 λιὺς
299 901 457 981 ἀπεδείχθη,
471 904 559 960 situm
573 898 641 977 ejus
659 900 821 972 nescimus3
836 913 922 979 caput
937 920 1010 959 vero
1057 916 1154 981 ptores
1168 918 1266 959 rerum
1275 898 1449 970 Alexandri,
1465 916 1538 976 quos
1551 896 1696 957 Arrianus
1706 896 1714 977 ί
1723 896 1777 967 lll,
1789 896 1841 975 25)

227 998 316 1057 luisse
333 996 463 1074 putanda
482 1009 527 1054 est
545 996 645 1069 exigui
663 996 798 1072 imperii,
811 995 890 1072 quod
908 996 940 1054 in
956 996 1010 1053 As·
1057 999 1200 1076 sequitur,
1216 995 1292 1055 πάλιν
1316 1000 1363 1067 τῆς
1388 994 1488 1073 Ἀρείας
1507 996 1618 1053 dicunt.
1639 994 1719 1051 ldem
1743 1006 1842 1051 tamen

227 1109 329 1154 macne
337 1096 414 1153 inter
423 1094 545 1171 Scythas
554 1093 707 1152 obtinebat
716 1094 846 1165 Arsaces,
856 1106 1009 1171 antequam
1059 1094 1229 1152 Ptolemaeus
1244 1110 1333 1168 quum
1351 1090 1477 1147 Parthia
1491 1090 1593 1148 urbem
1607 1088 1733 1147 maxime
1741 1088 1842 1148 orien-

227 1191 258 1248 in
272 1190 452 1266 Parthyaeam
474 1188 642 1261 invaderet,
657 1200 691 1246 ut
710 1187 785 1246 bene
798 1201 897 1246 monet
912 1189 1011 1247 [asse-
1058 1190 1141 1246 talem
1156 1184 1291 1247 Μυσίαν
1314 1183 1435 1255 babeat,
1454 1186 1488 1241 ei
1504 1202 1563 1241 non
1587 1184 1672 1241 aliam
1686 1202 1773 1259 quam
1794 1183 1843 1240 Ni·

226 1286 294 1344 nius
303 1286 335 1343 in
344 1288 432 1343 Ersch
445 1306 472 1345 n.
484 1288 600 1344 Gruhcr.
611 1306 643 1345 ν.
657 1284 803 1353 Parthien,
818 1283 923 1341 collato
930 1282 1010 1341 Stra·
1058 1300 1143 1339 sacam
1166 1279 1291 1338 indicari
1300 1296 1379 1335 nune
1390 1290 1476 1354 puto;
1488 1277 1600 1335 scilicet
1610 1277 1654 1334 nti
1677 1277 1842 1335 Astauenos

226 1378 304 1438 bone
321 1400 351 1459 p.
376 1380 434 1438 515
451 1402 458 1437 ε
479 1378 625 1459 Ἀρσάκης,
641 1375 707 1455 ἀνὴρ
721 1375 843 1449 Σκύθης,
866 1379 919 1434 τῶν
932 1379 1012 1435 Δαῶν
1057 1378 1130 1435 etin
1146 1377 1217 1433 Aria
1226 1386 1255 1433 et
1267 1376 1297 1432 in
1309 1373 1455 1451 Hyrcania
1464 1377 1565 1449 ponit,
1576 1373 1709 1431 itaetiam
1716 1371 1841 1431 Nisaeatn

225 1496 298 1539 τινας
310 1472 377 1553 ἔχων
393 1472 452 1540 τοὺς
467 1473 587 1552 Πάρνους
601 1470 775 1547 καλουμένους
787 1469 920 1546 νομάδας,
935 1493 1012 1550 παρ-
1058 1472 1170 1531 variata
1185 1469 1347 1549 paullulum
1363 1469 1492 1527 nominis
1508 1468 1601 1525 lorma
1622 1468 1655 1525 in
1676 1469 1747 1526 Aria
1764 1480 1793 1525 et
1808 1470 1842 1527 in

227 1575 360 1636 οοιοῦντας
375 1570 420 1629 τὸν
431 1560 535 1649 Ὦχον,
547 1570 658 1640 ἐπῆλθεν
671 1568 716 1627 ἐπί
735 1566 782 1639 τὴν
795 1565 950 1646 Παρθυαίαν
965 1566 1013 1625 καί
1056 1566 1183 1625 Parthiae
1196 1580 1279 1645 parte
1290 1564 1425 1623 orientali
1441 1563 1574 1622 collocat.

228 1668 372 1747 inprimere
392 1669 485 1739 αὐτῆς.
1097 1664 1162 1721 152.
1186 1664 1257 1722 Post
1272 1661 1523 1721 Parthaunisamii
1548 1659 1734 1721 scboenorum
1748 1660 1840 1719 inter·

272 1766 336 1826 151.
358 1765 430 1823 Post
439 1764 593 1823 Astauene
602 1763 769 1821 mentioncn
780 1760 877 1839 pergit
886 1773 988 1819 auctor
1003 1782 1010 1819 t
1052 1762 1130 1819 vallo
1142 1762 1275 1838 sequitur
1293 1762 1406 1817 Gathar
1422 1757 1511 1831 urbs,
1529 1772 1597 1837 post
1615 1758 1690 1817 allos
1708 1759 1842 1835 quinque

229 1858 365 1918 Ἐντεῦθεν
385 1856 578 1940 Παρθυηνή·
593 1859 693 1935 σροῖνοι
708 1856 755 1914 κε’·
773 1848 806 1926 ἧς
830 1853 917 1912 αὐλὼν
937 1856 1013 1935 Πσρ·
1053 1860 1132 1916 Siroc
1142 1856 1229 1929 urbs3
1241 1856 1346 1914 deinde
1361 1868 1538 1914 memoratur
1552 1857 1662 1931 Saphri
1674 1856 1776 1924 vicus,
1787 1854 1840 1929 qui

229 1954 380 2025 θσάνισο·ἡ
395 1952 530 2021 cilicini
544 1952 655 2033 σχοίνων
662 1952 688 2017 ς’
702 1951 760 2032 (sic
772 1952 1013 2030 interpungas)...
1055 1955 1184 2013 ultimus·
1198 1953 1377 2031 Parthyenes
1397 1953 1478 2011 locus
1503 1951 1592 2009 luisse
1620 1951 1739 2009 ridetur
1755 1963 1785 2008 ct
1807 1951 1842 2007 in

230 2050 362 2123 Ἕλληνες
375 2049 403 2109 δὲ
418 2048 532 2110 Νίσαιαν
544 2046 660 2125 λέγουσι.
670 2046 816 2105 Nimirum
826 2065 863 2104 cx
874 2046 1014 2121 angustiis
1054 2050 1164 2109 ultimis
1172 2049 1302 2126 regionis
1309 2048 1435 2108 soboenis
1448 2060 1514 2105 octo
1527 2046 1714 2105 collocandus
1727 2060 1782 2105 est.
1796 2046 1842 2103 De

228 2150 303 2205 inter
317 2150 421 2219 Djegir
438 2157 468 2203 ct
485 2145 634 2220 Daghntai
655 2154 768 2200 montes
782 2141 864 2216 sitis,
882 2141 914 2198 in
927 2161 1013 2217 quam
1054 2146 1150 2205 lrisita
1160 2144 1399 2208 sainte-Crobil.
1414 2146 1435 2203 1.
1451 2165 1481 2222 p.
1495 2145 1533 2219 98
1549 2166 1556 2200 ε
1572 2142 1715 2201 «Jecrois
1726 2154 1843 2201 retrou-

229 2244 363 2302 desinere
372 2243 532 2299 Astauenes
545 2238 728 2297 itinerarium
740 2236 973 2307 dixi,intramus
983 2238 1015 2295 in
1057 2264 1110 2301 ver
1132 2244 1160 2301 la
1180 2242 1326 2321 premidre
1348 2242 1384 2299 de
1407 2260 1454 2299 ces
1476 2241 1561 2299 villes
1579 2240 1652 2298 dans
1677 2239 1840 2309 Calendar,

229 2336 336 2395 vallem
347 2337 463 2411 longam
472 2334 635 2411 latamque,
643 2332 711 2390 altis
723 2332 846 2389 cinctam
855 2330 1015 2410 montibus,
1057 2339 1139 2417 place
1149 2340 1310 2408 tres-forte,
1322 2356 1380 2414 quc
1389 2338 1430 2395 les
1443 2336 1589 2412 generans
1603 2335 1639 2393 de
1649 2334 1841 2409 Genghiakan

230 2432 263 2490 in
277 2451 335 2509 qua
346 2444 415 2508 post
427 2449 479 2489 sex
493 2429 554 2487 lere
576 2428 710 2486 schoenos
726 2428 856 2487 occurrit
872 2440 959 2505 eaput
973 2446 1016 2485 re·
1057 2434 1177 2491 vinrent
1190 2432 1317 2507 assiiger
1326 2432 1448 2491 aussitdt
1462 2431 1548 2509 apres
1557 2431 1641 2488 avoir
1653 2431 1717 2507 pris
1727 2442 1756 2486 et
1768 2428 1839 2506 pilli

230 2529 346 2604 gionis,
368 2531 513 2602 Nisapour
527 2544 579 2584 seu
593 2527 760 2600 Nichaponr
775 2524 859 2583 urbs.
877 2523 1016 2600 Regionis
1057 2527 1132 2587 Nesa
1152 2526 1249 2607 (llist.
1270 2526 1306 2584 de
1320 2525 1477 2585 Ghenzislr.
1498 2546 1528 2603 p.
1547 2526 1602 2593 344
1616 2528 1637 2601 l.
1651 2524 1754 2582 silon
1772 2542 1842 2599 sup·

232 2623 322 2699 hujus
336 2634 471 2680 naturam
484 2619 683 2678 beatissimam
697 2633 758 2676 tum
773 2617 929 2677 orientales
943 2618 1017 2677 scri·
1056 2641 1128 2700 pose
1143 2640 1200 2699 que
1209 2620 1293 2679 Siroc
1304 2620 1373 2679 etait
1387 2620 1586 2679 hl’extrcmite
1596 2618 1845 2698 delaPartbydne

231 2731 330 2797 ptores
338 2732 400 2777 tum
419 2717 545 2775 viatores
556 2718 734 2775 recentiores
743 2715 865 2773 summis
879 2713 1017 2773 laudibus
1059 2717 1163 2799 (.quod
1178 2738 1236 2777 non
1250 2718 1290 2775 ita
1305 2736 1368 2776 esse
1379 2736 1415 2775 ex
1430 2716 1538 2775 lsidori
1552 2714 1651 2800 verbis
1664 2713 1773 2793 patet),
1787 2734 1843 2773 son

231 2814 546 2893 evehuntl‘lhsidorus
557 2814 705 2889 regionem
715 2811 877 2889 urbemque
887 2810 1017 2890 Παρθαί-
1058 2836 1126 2875 nom
1142 2829 1170 2874 et
1183 2834 1215 2873 sa
1237 2815 1366 2892 position
1386 2814 1554 2893 pourraient
1575 2832 1654 2871 assez
1669 2816 1810 2871 convenit
1825 2832 1844 2869 a

232 2932 308 2968 νισαν
319 2923 413 2983 vocat,
428 2910 449 2972 i.
460 2928 501 2981 α,
516 2910 624 2989 opinor
646 2908 729 2968 Νίσον
742 2905 912 2986 neptunius,
921 2919 954 2965 ut
961 2908 1018 2966 sci·
1058 2910 1193 2970 Siraklrs.
1211 2935 1223 2962 ν
1242 2908 1349 2968 Eodem
1371 2909 1458 2968 modo
1472 2909 1572 2967 statuit
1589 2906 1698 2968 hennel
1713 2911 1723 2985 (
1739 2911 1841 2985 Geogr.

164 3029 180 3036 ·
231 3004 302 3063 lieet
314 3006 510 3081 distingueret
525 3025 544 3062 a
558 3004 632 3062 locis
647 3002 882 3078 cognominibus.
898 3001 946 3060 Sic
959 3003 1018 3060 alia
1057 3004 1095 3079 of
1110 3008 1240 3066 Hemdot.
1265 3027 1293 3084 p.
1308 3005 1365 3081 ²95
1378 3005 1399 3081 l,
1422 3003 1594 3063 assentiente
1616 3007 1754 3062 Lassenlo
1774 3003 1793 3060 l.
1816 3003 1839 3059 l.

231 3103 303 3156 Nisa
313 3112 356 3158 est
368 3103 424 3159 snb
438 3102 525 3156 Attal·
536 3111 633 3157 monte
646 3098 682 3155 ad
689 3099 774 3154 Atrei
785 3098 919 3172 fluvium,
930 3116 1016 3174 quam
1057 3121 1089 3178 p.
1111 3102 1179 3170 416.
1195 3102 1337 3160 Praeterea
1347 3100 1454 3174 Saphri
1467 3099 1564 3157 vicum
1581 3100 1613 3156 in
1636 3097 1778 3156 hodierno
1792 3103 1844 3154 Ja·

233 3195 370 3254 nonnulli
386 3193 424 3253 ab
434 3193 549 3253 Isidoro
562 3193 687 3252 indicari
701 3204 851 3272 putarunt.
860 3225 901 3237 -
913 3191 1018 3252 Nostra
1050 3197 1113 3272 scri
1125 3198 1133 3276 ί
1147 3197 1255 3255 llennel
1265 3194 1273 3274 l
1283 3193 1485 3268 siveDchoffri
1500 3193 1644 3274 (Lassen)
1657 3195 1721 3252 sive
1734 3195 1844 3252 rectius

231 3289 302 3348 Nisa
316 3291 347 3348 in
357 3289 534 3349 Zendavesta
544 3288 729 3348 interbeatas
742 3288 877 3363 regiones
887 3307 1017 3348 renense-
1058 3290 1289 3365 hohor-ZafiAni
1308 3289 1317 3370 (
1331 3289 1434 3362 liittcr,
1450 3287 1587 3368 Kiepert)
1611 3307 1767 3364 agnoscere
1781 3289 1842 3347 sibi

233 3388 528 3461 turnomineNisoya,
538 3389 864 3465 posteamqueHaroyd,
874 3387 1015 3444 inat-ia.
1057 3389 1206 3446 ridentur.
1217 3385 1396 3456 Quaeomnia
1404 3405 1509 3444 vereor
1517 3404 1554 3444 ne
1565 3385 1741 3456 sintinania,
1751 3405 1843 3463 quum

234 3482 278 3542 De
289 3483 388 3540 eadem
397 3482 503 3541 Strabo
514 3481 555 3540 Xl
572 3503 601 3560 p.
612 3482 670 3558 509
684 3504 692 3539 z
704 3485 751 3552 τῆς
764 3479 793 3540 δὲ
806 3479 948 3560 Ὑρκανίας
960 3480 1016 3538 ἐστὶ
1058 3483 1095 3541 ab
1111 3481 1218 3542 Isidori
1232 3483 1319 3542 viaet
1333 3483 1481 3542 distantiis
1492 3482 1678 3542 abhorreant.
1695 3481 1765 3539 Nam
1780 3486 1843 3539 Ζα-

233 3578 278 3635 καί
289 3580 307 3648 ἡ
319 3576 442 3647 Νησαία·
456 3575 523 3642 τινὲς
536 3575 565 3634 il
575 3576 619 3634 καί
627 3579 687 3634 καθ’
695 3574 778 3648 αὑτὴν
786 3573 886 3634 sitiant
900 3574 948 3646 τὴν
959 3577 1018 3647 Νη·
1054 3581 1140 3655 sirini
1156 3600 1174 3638 a
1197 3585 1342 3657 Nisapottr
1361 3599 1496 3638 occasum
1516 3598 1618 3638 versus
1641 3578 1697 3637 sita
1714 3592 1766 3638 est,
1782 3583 1842 3636 Ca.

234 3671 323 3731 σαίσν.
338 3671 443 3728 Paullo
455 3671 635 3728 accuratiora
658 3670 772 3729 Plinius
784 3669 834 3741 Vl,
853 3673 890 3728 26
904 3673 922 3747 S
941 3671 1015 3729 113:
1058 3679 1163 3732 κασίαν
1178 3675 1224 3734 rel
1235 3677 1368 3732 Caenidar
1381 3673 1389 3752 ί
1400 3675 1508 3732 Rennel
1519 3672 1528 3753 l
1539 3673 1591 3733 ubi
1604 3673 1731 3732 fueritin
1742 3693 1843 3732 recen·

233 3767 278 3824 Ab
289 3786 490 3824 occasneornnr
501 3767 510 3841 ί
520 3766 713 3842 Parthorum)
729 3769 809 3822 urbes
819 3770 1017 3841 quas-diximus
1059 3769 1184 3829 tioribus
1199 3772 1312 3848 mappis
1326 3789 1386 3828 non
1400 3769 1532 3848 repperi,
1548 3769 1595 3827 sin
1607 3768 1705 3846 posita
1715 3783 1775 3826 erat
1787 3768 1842 3827 ubi

233 3860 363 3943 (Vl,7§
376 3861 595 3936 44),Issatisct
609 3863 750 3935 Calliope,
765 3865 915 3918 oboriente
923 3869 1019 3921 oestino
1059 3866 1158 3944 posuit
1181 3866 1212 3923 in
1234 3865 1397 3924 llcrodotea
1415 3883 1468 3923 sua
1483 3863 1582 3922 tabula
1606 3863 1778 3934 licunelius,
1803 3863 1842 3921 ad

231 3963 370 4034 Eumpum
391 3956 572 4037 (Pyropum,
596 3961 735 4031 Peropum
748 3976 778 4012 ν.
801 3956 865 4013 lect.
876 3953 897 4036 ),
914 3961 953 4014 ab
969 3961 1016 4015 hi·
1059 3959 1161 4018 urbem
1176 3961 1194 4018 6
1209 3961 1336 4020 schoenis
1350 3979 1369 4017 a
1379 3963 1525 4036 Nisapoar
1537 3958 1668 4017 dissitam
1684 3959 1786 4017 referri
1797 3978 1845 4018 ne·

233 4056 316 4110 berno
327 4055 428 4109 Maria
448 4045 579 4131 (Μαριχῆ
600 4049 751 4108 Ptolemaei
770 4049 792 4108 l.
817 4049 838 4110 l.
849 4052 870 4127 ),
888 4059 916 4108 in
927 4057 1019 4111 medio
1060 4057 1134 4133 quit.
1148 4057 1290 4116 Similiter
1300 4058 1420 4114 Serachs
1428 4055 1512 4127 urbs,
1525 4074 1617 4132 quaea
1629 4060 1773 4132 Nicopour
1781 4077 1844 4115 non

232 4152 461 4225 Hecatompylos,
480 4153 599 4219 Arsace,
619 4154 699 4220 regio
715 4151 826 4205 Nisiaea
843 4150 1020 4218 Parthyenes
1063 4151 1255 4224 11,scdultra
1265 4161 1302 4221 to
1315 4151 1449 4210 schoenos
1457 4151 1555 4222 distat,
1565 4171 1624 4209 non
1636 4165 1730 4228 potest
1740 4152 1843 4210 referri

233 4245 348 4314 nobilis,
369 4247 418 4301 nbi
429 4246 668 4318 Alexandropolis
687 4263 707 4298 α
725 4246 875 4301 conrhtore.
889 4244 1018 4301 Ammia·
1060 4245 1097 4303 ad
1111 4244 1196 4302 Sir-oc
1210 4245 1380 4320 lsidoream,
1390 4246 1448 4303 nisi
1459 4245 1558 4303 omnia
1573 4245 1603 4302 ln
1613 4245 1723 4304 Graecis
1734 4249 1844 4306 nostris

233 4361 289 4400 nus
312 4338 421 4413 xxttt,
444 4341 475 4410 6,
491 4338 529 4408 54
547 4341 701 4407 Iasonium,
721 4338 902 4395 Antiochiam
917 4352 947 4394 cr
963 4342 1018 4396 Ni·
1060 4339 1177 4398 turbata
1189 4358 1253 4398 esse
1268 4340 1397 4398 finxeris.
1408 4340 1542 4399 Ceterum
1555 4339 1661 4418 Saphri
1674 4341 1773 4399 vicum
1786 4361 1845 4399 me·

262 4543 294 4604 (¹)
310 4541 386 4590 ltitter
395 4543 454 4590 vlll
456 4552 498 4604 ,p
515 4545 580 4591 tls:
592 4539 658 4588 «Die
674 4539 780 4596 libone.v
773 4552 798 4587 tn
807 4539 913 4590 welclrer
924 4539 1057 4605 Nisclrapur
1068 4543 1107 4594 dle
1116 4542 1186 4594 stadt
1198 4544 1247 4594 und
1257 4543 1296 4594 die
1307 4542 1457 4593 aalrlreleh
1437 4543 1644 4607 sreumgebendeo
1657 4545 1841 4610 Dorlseltalten,

205 4662 208 4666 ,
232 4613 345 4662 meistan
360 4609 406 4660 den
420 4609 618 4672 Ausgaengender
630 4609 784 4670 Bergreilren,
799 4609 823 4658 in
836 4608 883 4658 den
895 4610 1118 4676 Tlralrertielungeu
1134 4614 1219 4677 liegen,
1238 4615 1324 4676 gelrdrt
1342 4615 1386 4663 mit
1408 4614 1486 4664 ilrrem
1498 4619 1637 4677 gesegneten
1655 4617 1739 4666 habau
1756 4585 1845 4669 auderi

232 4684 369 4742 solidariae,
381 4679 800 4732 renndstentsndsctattcotieu.
811 4681 1039 4732 FraserinPersien
1054 4686 1163 4746 gestirem
1176 4686 1404 4747 Dieltergablraenge
1415 4685 1528 4736 bestelren
1542 4687 1845 4740 awaralleausnaclttem

231 4759 297 4814 lites,
311 4753 370 4803 aber
384 4754 419 4803 sie
435 4753 489 4802 ond
507 4754 569 4804 relclr
586 4767 617 4804 ao
632 4753 716 4803 lieren
728 4753 845 4811 Becher,
858 4751 998 4803 hiessenden
1010 4757 1126 4806 wassern
1141 4756 1191 4805 und
1211 4755 1361 4806 litosttielten
1381 4759 1688 4819 Bewtessemngsonstatten
1707 4757 1845 4823 (emis),

231 4824 325 4877 welche
337 4823 376 4873 die
389 4823 473 4874 Felder
486 4824 535 4872 und
546 4824 586 4874 dic
604 4825 735 4874 subinsten
752 4824 904 4885 obstgaerten
916 4824 1071 4887 betruclrten,
1084 4827 1108 4876 in
1120 4825 1197 4876 denen
1209 4827 1254 4876 alle
1264 4827 1318 4888 leuc
1333 4828 1485 4878 Ortscbalten
1497 4839 1537 4877 am
1558 4831 1633 4879 Fossa
1647 4829 1689 4880 der
1702 4831 1846 4892 Bergreilren

232 4898 342 4958 lingant
355 4894 486 4957 eingeltirllt
497 4907 527 4943 zu
538 4894 612 4957 liogeu
622 4895 744 4945 selrcinen
758 4895 830 4944 Die
817 4894 981 4944 leldersiud
974 4909 998 4944 tn
1014 4861 1091 4948 lleiire
1101 4899 1173 4947 tecto
1185 4897 1307 4958 verthellt,
1316 4897 1364 4948 und
1376 4910 1449 4960 praog
1449 4911 1479 4947 en
1493 4898 1537 4947 mit
1549 4898 1595 4948 den
1607 4900 1845 4986 manolclrlaltigstep

231 4968 324 5019 Farbeu
339 4964 403 5015 ihrer
414 4965 562 5016 Gentecbse
580 4966 622 5014 Die
633 4979 679 5014 au«r
664 4967 781 5028 gebauten
792 4967 920 5015 Terrassen
935 4980 975 5015 am
986 4969 1046 5018 Fuss
1054 4967 1096 5018 der
1106 4970 1181 5027 berae
1195 4968 1243 5016 und
1256 4969 1299 5017 aui
1313 4969 1379 5019 lluen
1392 4969 1531 5029 Vorlriilren,
1544 4971 1629 5020 stelren
1643 4969 1720 5020 durolr
1731 4970 1784 5022 ilrre
1799 4974 1846 5022 rei-

231 5039 303 5088 clrere
313 5041 492 5098 Bewmsserung
504 5041 538 5086 tm
554 5003 683 5086 sclrbnsteb
694 5037 848 5088 Stlrmuclt.»
859 5040 928 5087 -Ρ,
941 5052 965 5099 ρ.
979 5043 1044 5090 319:
1061 5041 1136 5088 atter
1147 5025 1228 5088 llulrm
1244 5039 1287 5088 der
1297 5039 1443 5089 Landsdtast
1456 5040 1588 5102 Nisclrapur
1602 5041 1635 5090 ist
1647 5041 1842 5102 sprichwiirtliolr

232 5114 302 5159 auter
309 5109 356 5158 den
367 5111 466 5159 Persern
477 5107 605 5170 geworden
618 5108 666 5156 und
677 5108 751 5158 dalrer
761 5108 828 5156 niclrt
836 5109 914 5169 wenig
928 5108 1090 5168 iibertrleben‚
1102 5120 1172 5156 trena
1186 5107 1225 5156 die
1236 5107 1344 5170 dortigeo
1360 5107 1494 5158 Betvolrner
1504 5109 1580 5158 damit
1590 5109 1844 5171 pronunciantem

230 5193 289 5229 nnn
297 5179 376 5228 iudcn
390 5178 577 5229 versclriedcncn
589 5178 713 5228 ltalralebs
725 5180 735 5239 (
745 5177 872 5228 Distncten
882 5183 892 5241 )
904 5179 1052 5242 Nisclrapurs
1064 5191 1095 5228 an
1109 5181 1183 5269 litlot>
1200 5177 1285 5228 Dtirler
1294 5179 1408 5241 geraldi,
1421 5178 1460 5229 die
1474 5191 1522 5228 ron
1539 5183 1613 5230 ttotto
1625 5180 1843 5244 Wesserleituogon

233 5249 281 5299 und
294 5254 321 5299 tit
335 5248 429 5300 llcineu
440 5250 541 5300 Flitsscn
555 5249 817 5311 betruclrtetgewcsen,
827 5250 874 5298 etc.
