3950 5925
246 454 293 499 m
901 386 1203 493 rnotnooumx.

245 568 307 625 haec
317 566 434 643 quidem
444 565 591 645 pertinent
601 583 692 642 usque
704 563 740 621 ad
754 564 804 623 sol.
817 564 872 636 175
881 582 944 622 vso.
957 562 1030 620 lnde
1070 562 1184 619 easdem
1197 560 1352 619 Vaticanus
1363 577 1480 639 quoque
1493 557 1581 615 habet
1597 558 1755 635 vacuisque
1770 556 1857 617 modo

247 683 264 721 a
286 662 337 723 iol.
361 662 415 733 176
442 659 476 718 R.
499 662 635 736 leguntur
653 657 847 737 geographica
875 658 1028 727 Marciani,
1072 657 1195 730 integris
1209 656 1325 734 paginis
1339 654 1427 712 modo
1441 654 1544 731 spatiis
1558 651 1724 711 minoribus
1736 651 1856 711 indicat.

246 757 385 833 Scylacis‚
401 754 518 827 Isidori,
534 753 669 830 Dionysii
681 766 710 811 et
731 752 890 811 Dicaearchi
903 765 932 809 et
954 771 1029 809 ano-
1070 752 1196 824 hlargini
1218 750 1370 826 adscripto
1391 760 1459 807 sunt
1480 747 1595 825 pagina
1619 747 1759 805 editionis
1784 748 1855 805 lloe·

246 852 328 928 nymi
351 864 458 928 poetae,
486 850 550 907 sive
572 848 672 906 eodem
689 848 793 907 ordine
815 848 915 906 eadem
932 848 1032 906 omnia
1070 845 1241 915 schelianae,
1254 842 1332 901 haud
1352 841 1442 900 dubie
1456 861 1474 898 a
1491 840 1570 898 Luca
1587 840 1754 913 llolstenio,
1768 842 1856 918 cujus

246 965 311 1023 quae
329 944 440 1024 praebet
461 947 552 1003 codex
573 944 735 1004 Parisinus.
754 942 895 1013 Laconas,
916 962 981 1019 quae
998 941 1031 999 in
1072 957 1189 996 manum
1216 938 1371 1011 agnovisse
1400 934 1476 993 mihi
1503 934 1618 1006 videor,
1636 948 1665 992 ct
1683 935 1735 1012 qui
1758 936 1856 1006 solus,

247 1040 399 1099 volumine
408 1040 542 1098 Parisino
549 1052 620 1097 ortre
627 1052 694 1097 sunt
705 1038 930 1116 quaternionum
935 1036 1031 1113 jactu·
1072 1048 1212 1113 quantum
1226 1035 1332 1108 sciam,
1345 1046 1412 1113 post
1425 1032 1622 1092 lloeschelium
1640 1051 1675 1089 eo
1694 1030 1773 1091 libro
1786 1050 1859 1091 usus

247 1152 280 1192 ra
304 1146 333 1193 et
358 1134 421 1193 lolii
445 1133 654 1192 dilaceratione
675 1146 703 1190 et
735 1132 886 1191 literarum
909 1132 1029 1203 detritu,
1071 1144 1124 1191 est.

926 1277 1010 1327 Codex
1025 1278 1181 1327 uomoensie

288 1420 334 1462 ro.
340 1402 421 1460 Alter
428 1400 518 1459 codex
525 1411 617 1457 exstat
625 1398 852 1461 MonacensisN.
863 1399 932 1470 566,
942 1402 1043 1475 quem'
1118 1418 1169 1455 10:
1180 1397 1330 1456 Nonnulla
1339 1398 1372 1456 in
1385 1398 1431 1457 his
1445 1398 1539 1457 titulis
1550 1398 1586 1457 de
1600 1417 1654 1457 suo
1667 1412 1768 1457 auctor
1780 1400 1858 1459 intu-

246 1495 490 1555 llervuartianum
508 1508 614 1553 vocant
630 1496 666 1552 ab
682 1494 796 1552 Joanne
812 1492 940 1568 Georgio
956 1492 1028 1551 ller-
1074 1491 1109 1551 lit
1129 1494 1233 1570 (quem
1256 1494 1454 1551 llocscbelium
1474 1493 1563 1551 fuisse
1576 1493 1660 1553 valde
1676 1495 1806 1569 mirorl,
1826 1508 1861 1554 ut

246 1604 363 1661 vuemo,
379 1591 430 1665 qui
446 1589 603 1649 lloeschelii
619 1603 750 1667 tempore
766 1608 832 1647 eum
847 1586 1026 1665 possidebat.
1074 1588 1228 1666 Epitomen
1243 1590 1434 1661 Artemidori,
1448 1610 1515 1667 quae
1532 1590 1563 1648 in
1578 1591 1657 1649 libro
1667 1604 1711 1651 est
1723 1594 1817 1666 nulla,
1831 1607 1860 1651 et

246 1686 401 1743 llehincin
418 1683 627 1743 bibliothecam
638 1683 809 1755 lloeschelii‚
828 1695 928 1761 postea
939 1684 970 1741 in
980 1682 1028 1741 bi·
1075 1684 1319 1762 inscriptionem:
1336 1684 1653 1767 Προθήκηγιωγραφκῶν
1685 1701 1753 1759 etc,
1770 1708 1859 1764 quam

245 1780 420 1840 bliothecam
444 1786 581 1858 Augustae
599 1782 834 1852 vindelicorum,
857 1780 984 1856 denique
999 1781 1031 1837 in
1075 1780 1175 1838 elicuit
1190 1800 1227 1838 ex
1243 1794 1414 1857 argumento
1436 1780 1592 1858 prooemii,
1608 1782 1686 1858 quod
1700 1783 1861 1862 Menippeo

245 1874 445 1935 lllonacensem
468 1877 618 1952 migravit.
641 1875 707 1953 lpse
728 1895 787 1935 non
800 1874 863 1932 vidi
880 1895 963 1945 eum;
979 1874 1031 1933 sed
1075 1876 1192 1953 periplo
1204 1876 1369 1934 Marcianus
1382 1876 1518 1953 praelixit.
1536 1876 1634 1934 Missis
1645 1876 1767 1935 indiculi
1783 1879 1861 1937 ludi-

245 1968 279 2026 B.
306 1969 458 2028 Fabricius
485 1970 711 2048 descriptionem
734 1969 798 2046 ejus
821 1968 1031 2027 aSchmellero
1076 1971 1157 2040 briis,
1170 1972 1863 2050 videslllonaoensemlibrumarelitprisduobus

246 2065 470 2125 bibliothecario
494 2080 639 2145 acceptam
656 2066 737 2124 dedit
760 2068 791 2125 in
814 2066 914 2125 libello
941 2070 1033 2125 [leber
1076 2086 1111 2124 eo
1125 2067 1247 2125 differre
1263 2067 1343 2143 quod
1351 2068 1459 2125 omittit
1472 2066 1638 2143 periegesin
1651 2068 1819 2141 iamblcam,
1833 2085 1864 2129 et

246 2165 295 2219 dic
314 2161 535 2235 Hondrchriflen
557 2166 609 2219 der
632 2166 754 2219 Kleineu
775 2184 818 2239 gr.
846 2164 1031 2240 Geogrophen
1076 2161 1479 2239 quodMenippumlllarciani
1488 2160 1769 2222 abalterohlarciani
1780 2166 1860 2223 libro

246 2276 277 2333 p.
288 2257 316 2316 6.
326 2256 401 2313 llinc
409 2276 474 2333 quae
484 2257 558 2315 scire
569 2270 668 2315 nostra
677 2256 765 2315 relert
774 2256 910 2315 enotabo.
921 2256 970 2315 Est
978 2257 1032 2331 igi·
1077 2255 1251 2329 disjunctum
1260 2256 1459 2315 exhibendae
1468 2254 1666 2334 acceditquod
1678 2258 1710 2315 in
1725 2260 1863 2339 Dionysii

248 2364 295 2410 tur
305 2350 382 2409 liber
393 2353 559 2411 chartaceus
571 2353 672 2410 lormae
681 2366 801 2425 octavae,
815 2353 912 2411 saeculi
924 2352 1031 2409 decimi
1077 2373 1111 2411 ac
1129 2353 1305 2426 llicaearchi,
1321 2376 1408 2432 quem
1421 2368 1544 2428 vocant,
1562 2355 1730 2431 fragmentis
1742 2359 1865 2417 mutilus

247 2446 331 2518 sexti,
349 2447 485 2505 loliorum
502 2448 550 2519 73,
562 2450 687 2524 scriptus
702 2467 720 2505 a
734 2446 953 2525 compluribus3
965 2466 1031 2504 nam
1076 2459 1131 2517 est,
1144 2460 1172 2505 et
1187 2447 1266 2524 quod
1275 2448 1404 2526 Scylacis
1413 2448 1561 2526 periplum
1571 2469 1632 2506 non
1642 2449 1691 2508 dat
1701 2450 1864 2528 integrum,

248 2544 324 2601 alius
346 2543 465 2621 scripsit
484 2543 555 2601 folia
581 2544 663 2614 1-65,
687 2544 762 2603 alius
779 2544 881 2603 solium
894 2546 943 2614 66,
957 2543 1035 2601 alius
1077 2543 1127 2601 sed
1147 2545 1179 2601 in
1201 2543 1302 2603 verbis
1320 2543 1400 2621 λιμὴν
1424 2543 1573 2623 Μυρίανδος
1599 2545 1637 2621 (S
1665 2565 1732 2618 roa,
1755 2567 1788 2623 p.
1809 2570 1865 2625 77,

250 2637 320 2695 lolia
336 2639 440 2711 67·73,
463 2658 529 2715 quae
553 2638 676 2713 reliquis
689 2652 758 2696 sunt
774 2638 874 2695 formae
894 2638 1031 2697 minoris.
1078 2638 1095 2693 3
1119 2651 1208 2697 nostr.
1235 2637 1320 2718 edit.)
1342 2639 1486 2699 subsistit.
1507 2630 1581 2697 'Hac
1596 2637 1689 2697 rerba
1708 2640 1739 2698 in
1762 2641 1866 2700 codice

248 2734 402 2793 Praefixum
411 2733 671 2806 habetHocscbelii,
680 2747 713 2792 ut
720 2747 849 2811 censent,
859 2752 945 2792 manu
955 2733 1033 2791 hunc
1078 2734 1214 2793 Parisino
1226 2737 1270 2814 lp.
1282 2757 1331 2812 91,
1341 2737 1396 2795 lin.
1409 2736 1470 2795 dab
1476 2733 1547 2814 ima)
1554 2736 1689 2813 proxime
1694 2738 1866 2814 praeoeduut

247 2828 409 2903 indiculum
424 2850 431 2885 ι
1078 2832 1472 2910 loliumdilaoeratum,quod
1480 2833 1511 2890 in
1520 2852 1606 2892 causa
1616 2833 1705 2892 luisse
1713 2835 1863 2911 suspicor,

247 2928 391 2984 Marcioni
401 2929 576 2984 Heracleotoe
1078 2946 1131 2984 cur
1153 2928 1266 3005 reliqua
1286 2948 1347 2987 nou
1365 2926 1558 2986 describenda
1581 2940 1682 2986 auctor
1703 2927 1773 2987 libri
1797 2930 1865 2991 Mo·

248 3023 363 3082 Libris.
375 3023 513 3098 Epiromes
520 3024 691 3080 Artemidori
698 3021 813 3098 Ephesii
821 3021 979 3100 geographi
988 3017 1032 3098 (Ἴ.
1078 3039 1145 3079 nac.
1156 3021 1283 3080 duceret.
1303 3023 1340 3080 ln
1355 3022 1483 3098 singulis
1497 3022 1597 3082 verbis
1617 3023 1756 3082 Vaticano
1773 3024 1868 3083 iuter-

249 3120 377 3191 Periplns
387 3119 514 3190 Scylocis
530 3119 748 3190 Caryondensis.
1078 3117 1150 3174 dum
1170 3119 1332 3177 accm·atior
1350 3131 1404 3177 est.
1419 3119 1463 3176 De
1476 3119 1589 3177 lacunis
1604 3139 1670 3178 cum
1687 3119 1822 3178 Parisino
1835 3135 1869 3178 et

249 3216 353 3269 Isidori
368 3214 526 3270 Characeni
540 3213 651 3289 σταθμοὶ
667 3213 806 3292 Παρθικοί.
1078 3211 1219 3272 Vaticano
1236 3214 1389 3274 consentit.
1409 3213 1477 3271 Jam
1494 3233 1596 3272 verum
1611 3233 1703 3292 quum
1720 3216 1805 3291 origo
1821 3217 1869 3274 la·

248 3310 410 3364 Dicaearchi
421 3312 567 3384 descriptio
586 3311 705 3366 Groecioe
718 3311 759 3365 ad
769 3309 951 3384 Theophrast.
1080 3327 1222 3365 cunarum
1245 3328 1262 3367 e
1280 3307 1409 3366 Parisini
1424 3306 1496 3365 libri
1514 3306 1685 3366 conditione
1708 3309 1869 3386 repetenda

249 3401 378 3482 Προθήκη
389 3405 575 3482 γεωγραφικῶν
591 3401 713 3481 puditior,
727 3425 792 3480 quoe
801 3391 960 3478 cato'hrgum
974 3411 1034 3474 ejus
1080 3402 1140 3460 sit:
1156 3405 1321 3461 necessario
1332 3402 1465 3478 sequitur
1477 3400 1648 3460 Vaticanum
1662 3415 1693 3460 et
1708 3403 1868 3463 Monacen-

289 3503 401 3574 generis
410 3505 572 3573 scriptorum
589 3511 618 3554 ei
631 3501 668 3555 de
680 3501 778 3555 iisdem
789 3502 928 3571 judiciuin
945 3505 1036 3555 conti·
1080 3516 1139 3556 sem
1155 3497 1293 3555 derivare
1311 3497 1478 3554 cParisino
1493 3495 1679 3576 [quanquam
1696 3517 1756 3556 non
1769 3517 1806 3556 ex
1828 3518 1869 3557 eo

289 3606 337 3649 net
351 3593 361 3668 l
374 3593 395 3650 i.
409 3613 436 3651 e.
451 3593 617 3651 Marcianea
631 3592 764 3672 lllenippi
776 3594 932 3671 epitome).
1080 3593 1158 3670 ipso.
1172 3592 1222 3651 sed
1237 3591 1347 3669 exejus
1356 3591 1533 3670 apographis
1541 3592 1681 3670 descripti
1692 3593 1782 3669 sunt).
1793 3592 1870 3663 Quae

1080 3687 1200 3764 quidem
1216 3707 1264 3746 res
1275 3700 1333 3746 tam
1346 3688 1431 3746 estin
1446 3688 1613 3766 propatulo,
1626 3699 1658 3745 ut
1667 3687 1781 3745 minora
1792 3688 1871 3746 indi·

1080 3783 1226 3847 cialiceat
1237 3783 1396 3858 negligere.
1416 3783 1511 3858 lgitur
1526 3801 1707 3860 quaecunque
1722 3783 1754 3840 in
1767 3796 1870 3861 poste-

252 3873 322 3954 Περὶ
335 3875 387 3933 τῶν
402 3874 549 3947 δηλούντων
562 3875 621 3943 τοὺς
634 3877 764 3953 σταθμοὺς
777 3879 823 3938 καὶ
836 3877 869 3938 τὰ
887 3878 970 3959 μέτρα
981 3901 1036 3959 χα-
1081 3876 1213 3936 rioribus
1227 3877 1314 3936 libris
1322 3878 1408 3936 aliter
1417 3898 1450 3936 ac
1463 3881 1495 3935 in
1512 3879 1591 3935 fonte
1601 3895 1703 3935 eorum
1716 3877 1867 3952 leguntur,

569 3971 717 4051 ρακτήρων.
1082 3995 1117 4034 ea
1130 3975 1228 4033 omnia
1235 3987 1313 4052 patet
1321 3975 1358 4032 ad
1364 3974 1501 4033 librarios
1512 3974 1559 4031 vel
1569 3973 1749 4049 negligenter
1756 3975 1870 4032 exscri-

252 4063 379 4144 Προθήκη
390 4069 578 4146 γεωγραφικῶν
591 4072 691 4126 eodem
707 4091 826 4132 rursum.
1080 4070 1183 4129 bentes
1202 4070 1251 4128 vel
1273 4070 1304 4127 in
1325 4069 1410 4149 pejus
1429 4081 1571 4128 mutantes
1591 4068 1638 4125 vel
1660 4068 1748 4125 etiam
1766 4081 1869 4146 aperta

252 4166 290 4218 In
301 4162 346 4217 his
359 4166 503 4236 opusculis,
522 4169 547 4218 si
566 4184 622 4239 qna
643 4169 726 4223 dictio
744 4169 878 4223 mendoso
902 4174 1029 4236 occurrit,
1081 4165 1210 4224 Parisini
1233 4165 1307 4223 vitia
1333 4166 1513 4240 corrigentes
1538 4162 1689 4221 reserenda
1706 4181 1785 4235 esse,
1812 4182 1871 4222 nec

290 4256 420 4328 duofere
429 4272 536 4334 puncta
549 4281 669 4336 superne
682 4269 799 4339 appicto
808 4277 881 4320 sunt.
1080 4281 1166 4340 posse
1180 4261 1217 4318 ad
1232 4261 1363 4319 criticam
1383 4259 1568 4318 factitandam
1581 4256 1733 4330 adhiberi,
1748 4259 1791 4317 uti
1804 4260 1871 4338 pri·

251 4355 296 4410 Ex
309 4351 476 4412 bibliotheca
487 4358 601 4414 Doridis
611 4359 765 4416 Hcescheiii
777 4365 938 4434 Augustani
1082 4377 1147 4416 mus
1158 4356 1274 4414 monuit
1285 4355 1474 4414 Letronnius.

441 3742 557 3796 Doridis
570 3741 729 3810 Hoeschelii,
751 3747 785 3800 A.
800 3744 845 3801 Μ.

822 4511 858 4558 Dc
868 4507 965 4572 singulis
977 4506 1065 4555 horum
1076 4504 1187 4554 codicum
1197 4501 1292 4553 libellis.

295 4623 340 4660 ιι.
353 4602 472 4663 Priores
482 4607 540 4665 duo
550 4610 758 4687 quaterniones
772 4612 882 4670 codicis
897 4611 1035 4682 Parisini,
1076 4610 1198 4684 gitaram
1212 4627 1313 4686 parum
1327 4605 1539 4685 probabiliter3
1556 4604 1806 4664 verisimillimum
1822 4618 1871 4664 est

252 4716 327 4774 quos
338 4698 482 4758 excidisse
492 4701 566 4779 dixi,
579 4724 764 4782 quorumque
779 4706 922 4782 jacturam
936 4707 1035 4765 decem
1076 4703 1220 4762 excidisse
1231 4705 1332 4761 oceani
1346 4703 1493 4781 periplum
1508 4702 1607 4760 nescio
1624 4700 1709 4777 cujus
1723 4701 1865 4773 auctoris,

253 4792 449 4852 loliisvacuis
468 4795 476 4874 (
493 4795 707 4877 fot.176-185)
734 4800 843 4859 indicat
861 4801 956 4862 codex
974 4801 1037 4860 Va·
1076 4815 1126 4859 aut
1137 4802 1280 4879 scriptum
1292 4799 1411 4877 aliquod
1424 4799 1460 4856 de
1472 4798 1563 4856 totius
1577 4797 1682 4856 mundi
1697 4810 1890 4873 systemate..

253 4892 364 4948 ticanus
375 4889 447 4964 (non
461 4890 529 4948 item
543 4891 735 4965 Monacensis,
748 4909 778 4955 ut
788 4897 932 4975 videtur),
946 4899 1037 4976 quod·
1078 4897 1114 4956 ln
1127 4899 1231 4955 ultima
1239 4897 1459 4975 deperditorum
1471 4897 1579 4972 pagina
1587 4894 1758 4969 legebantur
1769 4893 1872 4970 prima

254 5003 319 5039 nam
334 4984 474 5063 scripturn
489 4986 687 5061 exhibuerint,
705 4992 775 5049 sciri
792 4993 904 5069 nequit.
919 4993 961 5050 lle
978 4993 1039 5050 Ar·
1078 4995 1170 5054 rerba
1183 4995 1321 5073 prooemii
1342 4994 1373 5051 in
1387 4992 1529 5050 hlarciani
1543 4990 1653 5049 librum
1667 4991 1703 5048 de
1718 4989 1792 5048 mari
1808 5010 1870 5047 ex-

254 5078 397 5137 tcmidoro
409 5099 426 5138 a
437 5080 587 5140 lllarciano
598 5083 628 5140 in
639 5088 843 5164 compendium
859 5088 975 5147 redacto
991 5110 1039 5148 co·
1079 5104 1143 5148 tero
1155 5091 1301 5166 priorem,
1314 5089 1367 5166 qui
1384 5089 1510 5166 pertinet
1520 5087 1551 5144 in
1567 5086 1633 5144 cod.
1647 5085 1819 5162 Parosque
1831 5087 1871 5143 ad

287 5277 319 5339 P)
333 5279 405 5329 iuxta
417 5280 468 5332 haec
485 5282 545 5332 altus
560 5283 657 5346 quidam
669 5286 793 5351 otlscripsit
807 5309 812 5339 ι
829 5292 891 5354 lipia
904 5291 971 5354 (lege
981 5292 1066 5355 lipia),
1080 5294 1147 5349 πόλις
1161 5292 1260 5350 Δυκίας.
1278 5290 1439 5354 Ἀρτεμίδωρος
1453 5289 1477 5339 ἐν
1494 5289 1606 5350 ἐπιτομῆς
1619 5287 1715 5350 πρώτῳ·
