3950 5925
88 434 193 515 (sos)
694 434 745 493 nt:
767 434 867 495 ΜΑἰίΙ
889 436 1120 497 ΕΙίΥῘΙίίἰᾸζΟ.
1657 456 1709 505 tat

27 561 305 644 ΙΙιιί.ἓντῇπαραλία
320 560 437 637 μένουσι,
453 564 533 637 νομῆς
550 558 629 640 χάριν
647 560 814 637 πλανώμενοι
823 564 884 639 περὶ
928 568 975 635 qui
999 567 1025 617 in
1053 568 1184 619 maritima
1206 566 1310 617 interim
1325 584 1371 618 ora
1391 577 1511 630 manent,
1533 578 1620 637 postus
1636 572 1717 637 gratie

91 654 137 718 τίς
150 652 305 715 ὑποδύσεις·
318 649 384 707 ἐπθν
394 648 421 707 δὲ
433 640 504 713 αύθες
519 648 618 728 ἀναδύῃ
630 648 713 720 τὸτῆς
725 651 884 724 ἀμπώτεως,
928 652 999 703 circa
1013 668 1128 703 recessus
1138 651 1193 703 illos
1205 661 1231 703 et
1242 668 1365 703 cavernas
1376 650 1541 720 divagantes;
1557 672 1639 723 quum
1656 672 1716 705 vero

91 738 182 815 τὸμὲν
197 737 277 817 ίιγρδν
290 736 334 795 διὰ
344 739 396 794 τῶν
409 734 487 793 λίθων
499 736 544 793 καί
556 738 608 795 τῶν
618 737 761 817 φαράγγων
776 739 886 817 ἀπορρεῖ
928 750 1006 791 estus
1020 741 1099 793 maris
1112 738 1261 809 retrolugit,
1281 741 1378 793 humor
1391 740 1498 811 quidem
1513 758 1560 812 per
1576 742 1674 813 lapides
1693 754 1718 795 et

90 826 183 892 εἰςτδν
197 827 313 905 ἐπιφερῆ
327 822 373 882 καί
383 820 571 900 κατεπείγοντα
584 822 674 897 τόπον,
688 826 712 882 ol
728 820 751 881 δ’
762 823 848 903 ἰχθύες
858 829 885 884 ἐν
929 828 1016 881 biatus
1027 828 1061 881 ad
1071 828 1212 883 humiliora
1229 830 1397 898 etvergentia
1407 830 1463 882 loca
1480 831 1577 894 refluit,
1592 841 1618 883 nt
1636 832 1720 902 pisces

64 922 146 978 τεοῖς
171 912 342 989 κοιλώμασιν
363 911 564 987 θπολειπύγάνοι
586 912 690 989 ἐτοιμον
714 911 821 991 θήραμα
839 914 886 971 καὶ
931 916 1119 971 incavitatibus
1128 917 1210 971 relicti
1218 918 1544 989 paratamlcbtbyopbagis
1554 921 1720 972 renationem

89 1001 178 1082 τροφὴ
191 1002 310 1080 γίνονται
323 999 377 1064 τοῖς
391 997 566 1077 ἰχθυοφάγοις.
930 1014 956 1057 et
965 1005 1117 1060 alimoniam
1127 1008 1270 1061 sufficiunt.
1537 1007 1541 1016 '

131 1109 173 1149 ss.
190 1089 263 1150 Ἀλλ’
281 1090 306 1147 ul
317 1087 366 1163 μέν
381 1088 455 1145 άλλοι
467 1086 553 1165 ίχθύες
565 1086 575 1167 ί
586 1089 622 1153 ώς
630 1086 730 1166 ἔφημεν
746 1088 756 1165 l
771 1090 887 1154 εύπετῶς
967 1092 1011 1146 33.
1024 1096 1167 1169 dereliqui
1179 1094 1286 1167 quidem
1297 1098 1390 1167 pisces,
1402 1107 1430 1149 ut
1442 1096 1507 1161 dixi,
1519 1096 1586 1150 sacili
1598 1099 1718 1150 certami-

92 1178 336 1254 καταγωνίζονται·
348 1174 414 1233 ἐπίιν
430 1174 454 1233 δ’
469 1174 605 1252 ἐμπέσωσι
616 1174 691 1243 κύνες
707 1199 735 1234 τε
746 1175 792 1234 καί
800 1178 887 1256 φῶκαι
931 1197 966 1233 ne
984 1180 1152 1250 subiguntur.
1175 1186 1210 1235 m
1220 1200 1303 1253 quum
1324 1200 1381 1235 sors
1396 1182 1474 1235 elicit
1485 1200 1561 1235 canes
1578 1193 1604 1235 et
1623 1183 1720 1253 phocas

95 1266 203 1342 μείζους
215 1264 263 1323 καί
275 1262 396 1341 σκορπίοι
408 1260 551 1341 σμύραιναί
561 1285 590 1320 τε
607 1262 652 1319 καί
661 1270 715 1320 πᾶν
726 1261 758 1322 εδ
771 1268 887 1321 τοιοῦτον
932 1265 1045 1336 majores
1053 1278 1080 1319 et
1091 1270 1209 1339 scorpios
1217 1285 1399 1338 muraenasque
1408 1278 1433 1319 et
1444 1267 1514 1321 aliud
1525 1268 1654 1339 quidquid
1664 1268 1720 1339 ejus

59 1372 82 1407 ιο
96 1354 185 1430 γένος,
200 1351 270 1428 μετθ
284 1350 410 1410 κινδύνων
421 1354 439 1421 ἡ
452 1348 593 1427 συμπλοκὴ
607 1350 716 1429 γίνεται.
932 1354 1048 1421 generis,
1061 1353 1198 1407 conflictus
1211 1354 1240 1406 iit
1251 1372 1304 1407 non
1314 1356 1370 1407 sine
1385 1354 1512 1427 periculo.

134 1460 174 1501 st.
186 1440 277 1500 Ὅταν
298 1438 327 1496 δί
344 1436 504 1519 θηρεύσωσιν
520 1438 744 1515 θσουσδηποτοῦν,
767 1438 888 1515 μετενίγ·
969 1448 1013 1511 34.
1029 1452 1169 1519 Quotquot
1181 1465 1243 1499 vero
1257 1457 1393 1518 ceperunt,
1406 1448 1432 1500 in
1444 1466 1529 1500 versas
1539 1446 1572 1500 ad
1583 1445 1720 1501 meridiem

96 1551 190 1595 καντες
200 1526 247 1585 ἐπὶ
260 1524 308 1593 ede
320 1525 418 1606 πίτρας
430 1524 477 1592 τίς
487 1524 609 1601 κειμένας
620 1524 687 1605 Ιπρὸς
709 1525 887 1606 μεσημύρίαν,
932 1544 1020 1606 petras
1033 1552 1091 1604 quas
1102 1534 1163 1587 solis
1181 1544 1246 1586 aestu
1265 1534 1374 1597 servent,
1394 1533 1564 1598 transierunt,
1580 1534 1606 1585 in
1626 1552 1722 1603 easque

100 1616 179 1682 οὔσας
193 1614 348 1693 διαπύρους,
366 1612 476 1680 ταύταις
489 1612 517 1672 dl
529 1613 687 1693 ἐπίρροθον·
708 1614 801 1694 χρόνον
819 1611 889 1671 δίού
932 1620 1088 1689 conjiciunt,
1099 1630 1192 1691 etpost
1204 1623 1328 1689 exiguum
1341 1621 1467 1691 temporis
1480 1619 1644 1673 intervallum
1655 1637 1718 1673 cun·

99 1702 182 1759 πολθν
204 1700 332 1768 ἐάσαντες
355 1699 511 1781 στρέφουσιν
533 1700 577 1761 ἐπὶ
590 1700 741 1777 τούμπαλιν
757 1700 887 1766 ἅπαντας.
933 1718 990 1757 ctos
1000 1708 1027 1759 in
1039 1708 1191 1779 opposlturn
1202 1706 1268 1759 latus
1281 1716 1396 1759 vertunt.
1410 1704 1511 1761 Deinde
1521 1706 1629 1777 quando
1638 1706 1721 1759 cauda

66 1809 86 1844 is
101 1781 159 1849 Εἶθ’
173 1791 239 1848 ὅταν
250 1788 388 1847 λάθωνται
404 1792 450 1859 τῆς
461 1789 539 1869 uigil<
554 1788 656 1848 καὶτὸν
671 1788 731 1848 dior
746 1786 823 1867 ύγκον
835 1789 889 1847 eri·
933 1796 1096 1866 apprehensa
1108 1806 1188 1849 totam
1203 1805 1326 1866 quassant
1340 1794 1445 1858 molem,
1462 1812 1569 1846 carnosa
1579 1812 1639 1865 pars
1651 1796 1722 1847 exci-

102 1900 183 1936 σωσιν
195 1880 227 1935 ἐκ
237 1875 352 1949 ταύτης,
364 1880 378 1934 θ
391 1876 439 1953 μὲν
448 1877 587 1957 σαρκώδης
600 1877 679 1945 τύπος
690 1876 760 1943 άπας
768 1878 888 1936 ἐκπίπτει
934 1882 984 1947 dit,
1005 1883 1106 1935 fervore
1115 1900 1193 1953 quem
1207 1882 1323 1935 diximus
1343 1880 1470 1946 emollita;
1485 1882 1586 1953 spinam
1604 1900 1666 1935 vero
1686 1882 1722 1934 illi

100 1965 277 2042 θρυπτόμενος
290 1964 334 2023 διὰ
341 1964 389 2036 τὴν
397 1964 537 2046 εἰρημένην
546 1965 701 2044 θερμασίαν·
712 1965 760 2037 τὴν
775 1968 799 2025 δ’
808 1965 889 2023 uisur-
933 1980 1100 2033 coacervant,
1117 1968 1222 2021 undeet
1236 1986 1269 2022 ex
1285 1969 1429 2038 longinquo
1443 1978 1520 2020 vastae
1534 1966 1722 2037 magnitudinis

101 2060 148 2112 θαν
162 2054 323 2133 σωρεύουαιν
340 2054 424 2128 arisai,
439 2046 527 2133 ἀφ’ἧς
540 2053 699 2120 ἐκπλείονος
712 2054 794 2113 τύπου
807 2056 890 2112 κολω·
935 2056 1029 2108 tumuli
1044 2056 1251 2127 conspiciuntur.
1277 2056 1348 2107 Tum
1357 2072 1448 2106 earnes
1457 2056 1483 2106 in
1495 2052 1602 2125 planum
1615 2053 1722 2124 aliquod

101 2142 138 2197 νοὶ
151 2142 333 2219 παμμεγέθεις
355 2144 478 2221 ὁρῶνται.
495 2139 554 2211 Τὴν
570 2139 599 2198 δέ
615 2141 701 2220 σάρκα
719 2144 770 2200 τῶν
789 2139 886 2219 ἰχθύων
934 2160 1027 2195 saxum
1048 2141 1166 2195 collectas
1190 2140 1223 2193 ad
1244 2150 1347 2211 tempus
1368 2158 1421 2192 non
1450 2138 1583 2191 mediocre
1606 2140 1722 2210 impense

73 2246 83 2281 ε
105 2228 311 2308 είςλεωπετρίαν
318 2230 507 2308 συναγαγόντες
517 2234 647 2287 πατοῦσιν
657 2232 765 2296 ἐκτενῶς
777 2229 818 2286 ἐπί
827 2228 890 2308 χρό-
935 2228 1051 2292 calcant,
1066 2229 1144 2279 etiam
1158 2227 1251 2297 paliuri
1271 2226 1390 2279 amicto
1402 2226 1511 2278 semine.
1524 2228 1586 2293 Quo
1604 2224 1722 2279 admisto

104 2340 144 2373 νον
156 2318 204 2374 ούκ
216 2316 316 2393 ὀλίγον,
327 2316 373 2375 καί
386 2318 506 2394 μίξαντες
517 2316 562 2374 τδν
572 2316 673 2395 καρπὸν
683 2315 889 2395 τούπαλιούρου.
936 2327 1021 2368 toturn
1037 2315 1120 2367 multo
1136 2316 1216 2381 magis
1231 2330 1313 2367 massa
1326 2313 1354 2366 stt
1365 2312 1508 2381 glutinosa,
1521 2330 1552 2365 ac
1565 2312 1667 2365 ridetur
1680 2330 1725 2384 pa·

105 2405 207 2465 Ἰὀύτου
229 2405 284 2485 γθρ
305 2403 481 2484 συμμιγέντος
501 2406 631 2471 κολλῶδες
643 2405 691 2481 μὲν
705 2404 736 2463 τὸ
751 2413 805 2462 πᾶν
825 2404 891 2462 πολὺ
941 2404 1003 2457 liuri
1027 2402 1127 2455 fructus
1148 2400 1309 2453 condimenti
1325 2412 1370 2454 aut
1383 2400 1470 2453 intorti
1494 2402 1576 2453 vicem
1591 2412 1723 2472 praestare.

47 2576 207 2651 [νεοτρώτον
224 2575 254 2630 ἐν
267 2577 302 2652 τῇ
317 2572 442 2654 παραλίῳ
462 2572 584 2651 μίνουσι,
597 2578 679 2647 νομῆς
689 2572 768 2652 χάριν
785 2573 890 2631 πλανώ-
934 2580 1061 2651 pastionis
1071 2582 1152 2649 gratia
1169 2582 1238 2633 circu
1253 2590 1373 2651 receptus
1395 2578 1450 2632 illos
1469 2596 1547 2632 cavos
1563 2578 1722 2647 divagantes,

108 2686 179 2735 μενοι
192 2661 256 2740 περὶ
268 2660 316 2727 τδς
328 2660 466 2727 ύποδύσεις
477 2660 523 2719 καί
532 2659 566 2718 ris
577 2660 747 2737 κοιλώματα·
762 2660 827 2718 ἐπὰν
842 2660 864 2717 δ’
878 2666 892 2719 θ

76 2774 97 2808 as
107 2755 151 2819 τῆς
164 2748 316 2825 ἀμπώτεως
329 2748 393 2826 ἔλθῃ
406 2747 508 2828 χρόνος,
517 2749 548 2807 rb
569 2750 619 2823 μίν
641 2748 719 2827 ύγρδν
733 2752 763 2808 ἐκ
773 2754 820 2806 τοῦ
835 2749 892 2806 κατ’

107 2838 191 2914 ὀλίγον
203 2837 248 2895 διὰ
257 2840 309 2895 τῶν
321 2837 495 2915 κεχωσμένων
507 2837 585 2895 λίθων
597 2836 643 2896 καί
652 2836 794 2917 φαράγγων
806 2838 892 2917 ἀπορ-

108 2927 158 3007 ρεῖ,
167 2927 191 2986 οἱ
204 2926 228 2985 δ’
245 2929 319 3004 ἰχθῦς
335 2926 362 2984 ἐν
371 2930 425 2993 τοῖς
435 2922 583 3003 κοιλώμασι
596 2924 808 2985 καταλείπονται.
935 2921 1058 2966 lumimi-

145 3035 184 3074 ts.
202 3013 283 3074 Kstlt
295 3013 322 3071 ll
337 3018 427 3073 τοῦτον
434 3014 479 3073 τὸν
493 3013 584 3092 καῑρθν
595 3013 626 3072 τὸ
637 3015 734 3084 πλῆθος
743 3017 795 3072 τῶν
808 3015 895 3090 lutu-
973 3026 1017 3079 33.
1041 3027 1091 3078 Per
1111 3025 1179 3078 banc
1193 3026 1357 3078 occasionem
1377 3022 1559 3092 indigenarum
1585 3021 1726 3074 multitudo

109 3103 168 3180 llll*
181 3102 251 3179 iml
264 3101 363 3161 τέκνων
375 3102 421 3160 “l
440 3105 569 3178 Τυνααῶν
587 3103 624 3170 ‘li
636 3101 682 3169 τίς
698 3102 791 3182 illia<
805 3103 895 3180 ἆθθθί·
936 3141 997 3176 cum
1007 3123 1095 3176 liberis
1108 3135 1134 3177 et
1145 3123 1282 3189 uxoribus,
1302 3122 1372 3176 velut
1387 3140 1440 3174 uno
1456 3121 1609 3174 celeusmate
1623 3121 1724 3184 excita,

77 3195 177 3259 τίεται
196 3189 317 3269 καθάπερ
338 3192 383 3271 ἀφ’
402 3190 457 3256 ἑνὸς
478 3189 669 3269 κελεύσματος·
693 3188 853 3268 σχιζομένων
867 3188 894 3245 δὲ

110 3283 158 3335 τῶν
173 3277 318 3357 βαρύάρων
340 3280 377 3344 εἰς
392 3276 427 3335 τὰ
440 3276 510 3336 κατὰ
534 3277 612 3356 μέρος
637 3276 811 3353 συστήματα,
832 3275 896 3354 πρὸς

111 3365 166 3432 τώς
178 3365 259 3431 ἰδίαις
273 3358 380 3425 ίκαατοι
401 3363 496 3431 τύπους
512 3364 582 3442 μετὰ
599 3368 661 3444 βοῆς
673 3364 789 3433 ἐξαισίου
806 3363 896 3444 φέρον-

112 3477 167 3526 ται,
180 3453 303 3532 καθάπερ
311 3451 441 3532 αἰφνιδίου
455 3452 525 3519 τενδς
535 3452 660 3530 κυνηγίας
679 3451 893 3529 ὴκπεπτωκυίας.

114 3532 166 3600 Εἶθ’
179 3543 207 3600 αἱ
218 3539 268 3616 μὲν
276 3543 399 3618 γυναῖκες
416 3539 484 3617 μετά
494 3545 546 3599 τῶν
565 3541 668 3599 παίδων
683 3539 742 3608 τοὺς
755 3539 895 3606 ἐλάττονας

86 3623 163 3677 σςσῶσ
181 3619 280 3699 ἰχθύων
291 3619 338 3678 mi
355 3619 466 3691 πλησίον
481 3619 556 3687 dmg
576 3623 622 3690 τῆς
633 3619 730 3699 litte>
742 3616 898 3694 σσλλσμὸσί.
938 3623 1005 3682 gunt
1015 3621 1043 3664 et
1063 3613 1091 3664 in
1114 3621 1212 3664 terram
1226 3608 1371 3680 abjiciunt,
1391 3605 1476 3661 adulti
1495 3624 1558 3660 vero
1569 3615 1596 3658 ct
1615 3623 1727 3676 corpore

114 3730 199 3766 νουσαι
210 3707 349 3788 ῥίπτουσιν
361 3707 404 3765 ίπί
414 3707 463 3779 τὴν
470 3711 531 3786 γῆν,
544 3709 568 3766 ol
581 3705 607 3767 dl
619 3711 672 3774 τοῖς
679 3704 798 3782 σώμασιν
809 3705 898 3782 ἂκμά-
938 3708 1077 3762 validiores
1094 3706 1237 3778 grandibus
1256 3717 1284 3760 et
1304 3703 1445 3759 difficulter
1461 3701 1613 3772 subigendis
1633 3719 1727 3757 manus

114 3799 195 3861 (omre
213 3795 392 3874 προσφίρωῦῑ
413 3795 460 3863 ct<
483 3799 574 3876 χεῖρας
599 3803 652 3862 τοῖς
673 3794 716 3854 διὰ
736 3795 767 3852 τὸ
792 3793 899 3871 rat-feto<
939 3805 1064 3859 efferunt.
1074 3802 1242 3874 Praegrundes
1251 3804 1322 3858 enim
1332 3819 1387 3854 uon
1397 3799 1477 3854 modo
1491 3802 1617 3871 scorpios,
1633 3817 1726 3853 mura·

115 3881 378 3960 illumifflllmli·
406 3883 580 3944 ’Eli‘lml'ffl
597 3883 649 3962 ill
662 3887 691 3944 ll
703 3887 749 3954 3⁰3
769 3881 898 3958 '‘illim’‘
940 3921 987 3956 nas
1004 3913 1128 3966 eirenes,
1146 3901 1329 3953 verumetiam
1350 3897 1447 3969 phocas
1463 3907 1489 3950 et
1508 3896 1588 3948 multa
1597 3894 1727 3966 ejusmodi

934 2700 960 2743 at
972 2708 1055 2760 quum
1074 2688 1123 2742 sub
1142 2690 1258 2743 relluxus
1275 2691 1357 2742 vicem
1375 2707 1442 2759 aqua
1462 2688 1587 2759 paulatim
1602 2706 1650 2759 per
1660 2687 1725 2758 lapi·

935 2799 1001 2853 dum
1020 2810 1119 2854 struem
1133 2811 1159 2853 et
1167 2800 1254 2853 hiatus
1273 2799 1380 2861 dessuit,
1394 2800 1477 2868 pisces
1495 2800 1523 2850 in
1534 2798 1633 2853 lacunis
1644 2799 1723 2850 desti·

937 3241 969 3275 eo
984 3222 1104 3275 coniluit.
1125 3225 1157 3274 In
1172 3222 1292 3274 cobortes
1308 3230 1395 3274 autera
1417 3216 1494 3271 divisi
1509 3216 1542 3270 ad
1564 3236 1610 3270 sua
1627 3218 1726 3288 quiquo

938 3418 1044 3471 natione
1064 3416 1152 3488 praeda
1165 3415 1251 3470 oblata
1271 3417 1318 3480 sit,
1340 3414 1494 3467 decurrunt.
1528 3413 1597 3466 Tum
1623 3411 1726 3464 semine

937 3533 999 3567 cum
1011 3515 1100 3585 pueris
1113 3514 1227 3568 minores
1242 3523 1269 3566 et
1288 3513 1387 3566 viciuos
1399 3487 1545 3564 ebutiaeuti
1557 3511 1641 3580 pisces
1653 3507 1725 3562 colli·

115 3970 300 4048 ὑπερμεγέθεις
313 3973 343 4029 ού
354 3970 432 4046 μόνον
441 3972 562 4049 σκορπίοι
570 3971 615 4030 καί
623 3972 749 4051 μύραιναι
760 3969 805 4028 καί
815 3970 898 4040 κύνες,
941 4011 998 4052 mm
1016 4009 1122 4070 aspectu
1143 4009 1199 4050 mm
1223 3997 1330 4050 nomine
1351 3995 1488 4066 peregrina
1502 3991 1607 4064 pelagus
1623 3991 1725 4060 „jectan

85 4057 180 4115 ιιιίλλθ
193 4058 241 4117 καὶ
253 4061 343 4139 φῶκαι
352 4057 398 4117 καί
406 4058 493 4118 πολλὰ
505 4063 613 4117 τοιαῦτα
627 4058 686 4127 ξένα
700 4058 746 4117 καί
759 4062 816 4125 ταῖς
824 4059 899 4138 diuos

112 4147 155 4202 καὶ
167 4151 226 4214 ταῖς
239 4145 436 4227 προσηγορίαις.
468 4149 562 4209 Ταῶτα
580 4147 607 4207 δέ
624 4147 657 4206 td
677 4147 754 4227 θηρία
769 4145 900 4224 καταμά-

110 4256 203 4312 χονται
213 4240 338 4314 τεχνικῆς
354 4235 402 4312 μέν
414 4237 504 4294 ὅπλων
519 4239 685 4308 κατασκευῆς
697 4235 771 4295 ούδέν
786 4235 898 4315 ἔχοντες,

110 4322 202 4399 κέρασι
216 4323 246 4382 δέ
262 4326 347 4399 αἰγῶν
367 4323 438 4391 ύξίσι
456 4330 673 4392 κατακεντοῦντες
683 4323 729 4383 καί
745 4331 803 4390 ταῖς
816 4329 900 4402 ἀπορ-

111 4409 174 4488 ρῶξι
187 4409 298 4491 πέτραις
311 4411 502 4487 ἐπιτέμνοντες.
517 4411 611 4472 Πάντα
625 4411 677 4492 γάρ
697 4415 715 4484 ἡ
732 4410 810 4491 χρεία
826 4408 900 4471 διδά·

84 4519 99 4552 ι,
109 4521 168 4555 σκει
179 4498 229 4570 τήν
239 4497 329 4578 φύσιν,
337 4499 438 4566 οἰκείοις
448 4503 503 4566 τοῖς
515 4500 697 4578 θποκειμίνοις
706 4500 805 4580 καιροῖς
820 4499 901 4579 ἅρμα·

106 4586 222 4663 ζαμένην
235 4587 302 4667 πρδς
315 4587 365 4659 τὴν
381 4589 412 4646 ἐκ
424 4591 471 4660 τῆς
482 4587 585 4656 ἐλπίδος
596 4589 766 4669 εὐχρηστίαν,
942 4576 1043 4630 'Wlffl-

146 4695 184 4734 us.
200 4673 333 4735 Ἐπειδδτν
344 4677 367 4734 δ’
374 4675 530 4756 ἀθροίσασα
538 4677 636 4756 ἰχθύων
646 4677 821 4734 παντοδαπῶν
831 4677 900 4743 τλῆ·
978 4674 1011 4737 sl
1038 4675 1048 4740 ί
1062 4677 1125 4746 Cast·
1142 4675 1205 4742 16)·
1225 4673 1396 4741 pollll‘limffl
1410 4671 1542 4722 Vlilffllffi
1555 4667 1666 4738 Pl⁵⁰l¹¹¹¹¹
1683 4683 1730 4718 ⁰⁰³

106 4767 165 4834 θος,
182 4762 366 4843 μεταφέρουσι
377 4761 437 4830 τοὺς
454 4763 598 4844 ληφθίντας
611 4763 656 4822 καί
671 4763 772 4829 πάντας
786 4764 901 4820 ὀπτῶσιν
942 4762 984 4831 pia
1007 4761 1068 4832 ipsis
1090 4758 1252 4813 accumulata
1283 4767 1337 4820 est,
1367 4753 1482 4827 praedam
1504 4752 1681 4816 transierunt,
1703 4761 1730 4803 et

108 4851 221 4908 ἐπὶτῶν
235 4853 344 4930 πετρῶν
356 4853 410 4910 τῶν
428 4851 620 4929 ἰγκεκλιμίνων
640 4851 705 4933 πρθς
719 4848 899 4929 μεσημύρίαν.
942 4846 1073 4920 quidquid
1092 4855 1229 4917 ceperunt,
1249 4845 1274 4898 in
1293 4844 1374 4914 petris
1391 4840 1425 4896 ad
1444 4839 1581 4895 meridiem
1597 4839 1677 4890 versis
1689 4855 1728 4889 as-

81 4937 253 5017 -,.=‚troeee'por
273 4940 299 4998 δ’
314 4940 400 4998 ούσῶν
416 4938 461 4998 διδ
472 4939 520 5012 clu
532 4945 578 4998 τοῦ
594 4940 729 5016 καύματος
742 4937 901 5018 θπερύολλν,
943 4935 1011 4989 sabt-
1028 4937 1094 5002 Quae
1106 4949 1189 5003 quum
1207 4931 1304 5000 ingenti
1318 4928 1379 4981 solis
1390 4939 1472 4991 astu,
1487 4927 1558 5015 velut
1570 4927 1639 4995 igne,
1655 4941 1728 4976 esar-

110 5027 210 5106 ,τρηχὺν
223 5027 352 5096 ἕάσσςσσς
362 5028 460 5106 χρόνον
471 5028 620 5108 σσσέρσσσς,
633 5029 748 5087 „dmm
762 5031 809 5098 τῆς
823 5027 901 5101 οὐρᾶς
942 5022 1064 5085 descuut,
1074 5031 1131 5092 post
1141 5021 1264 5088 exiguum
1276 5015 1440 5070 intervallum
1450 5033 1496 5068 eos
1504 5023 1609 5067 vertunt
1617 5033 1624 5076 ς
1633 5011 1730 5064 debinc

940 4099 995 4152 ilas
1012 4106 1101 4149 autem
1118 4094 1216 4148 belluas
1229 4103 1381 4165 expugnant
1392 4109 1446 4144 non
1460 4089 1539 4144 arinis
1551 4099 1605 4141 arte
1619 4087 1727 4140 fabrica·

940 4196 993 4260 tis,
1015 4194 1062 4248 sed
1086 4193 1222 4266 praeacutis
1244 4209 1382 4263 caprarum
1406 4189 1531 4242 cornibus
1555 4185 1726 4256 transfigunt,

940 4303 968 4345 et
992 4309 1115 4344 saxorum
1140 4289 1291 4360 fragmentis
1317 4287 1449 4342 incidunt.
1476 4284 1517 4340 ml
1542 4284 1631 4336 onmia
1655 4283 1727 4336 enim

942 4387 1081 4438 necessitas
1099 4395 1220 4438 naturam
1235 4384 1355 4447 instruit,
1375 4398 1433 4452 qua*
1448 4389 1477 4432 ut
1490 4395 1603 4450 praesens
1624 4386 1728 4447 tempus

942 4482 1032 4550 erigit,
1044 4479 1077 4532 ad
1088 4478 1125 4544 id,
1135 4475 1207 4550 quod
1217 4495 1249 4530 ex
1262 4495 1310 4530 usu
1321 4475 1377 4528 fore
1386 4483 1482 4545 sperat,
1498 4489 1525 4524 se
1539 4470 1612 4524 facile
1625 4488 1728 4524 accom-

122 5129 1728 5160 Μ-

111 5197 482 5269 6.γίνονταιίγίνεταιΒίῖ
505 5199 517 5266 ΙΙ
531 5195 900 5266 -ς33,1.8.δ’ίμπεάωαι]
946 5210 1001 5246 ont.
1017 5196 1049 5245 Λ.
1067 5193 1077 5258 ll
1090 5221 1125 5230 -
1144 5188 1236 5258 πρὸς]
1255 5187 1310 5257 περὶ
1325 5187 1355 5240 Β.
1373 5187 1432 5254 ΙΙ-
1450 5186 1489 5237 13.
1507 5183 1533 5236 δὲ
1552 5192 1610 5254 post
1633 5181 1730 5246 ταύταις

112 5274 136 5324 δὲ
148 5277 238 5329 τίουσι
254 5280 310 5331 ΑΒ.
328 5280 340 5344 ΙΙ
355 5307 393 5318 --
403 5297 431 5346 9.
445 5277 559 5346 μύραιναι
571 5279 600 5329 Β.
612 5307 648 5318 -
662 5276 705 5330 καί
725 5294 779 5329 om.
798 5279 831 5330 Α.
946 5295 1000 5328 orn.
1009 5279 1028 5328 B
1037 5275 1135 5344 absque
1145 5271 1259 5335 damno;
1270 5271 1359 5324 malim
1369 5271 1409 5334 δή,
1421 5299 1456 5310 -
1468 5273 1496 5330 εἰ.
1511 5267 1636 5334 ἅπαντας]
1652 5266 1727 5317 άπαι-

144 5358 159 5422 S
173 5361 217 5419 34,
229 5357 247 5412 Ι.
265 5375 307 5410 tr.
325 5358 400 5418 ὅσους
409 5357 441 5421 δή
453 5355 508 5408 ποτ’
521 5357 550 5408 ἂν
564 5357 594 5409 C.
612 5358 623 5425 ΙΙ
635 5385 671 5396 -
683 5372 723 5409 12.
737 5354 780 5416 τὰς
793 5355 902 5426 κειμένας
946 5375 984 5416 τες
997 5353 1076 5408 codd.
1092 5362 1117 5406 et
1127 5351 1201 5406 editt.
1219 5353 1230 5420 ΙΙ
1242 5382 1277 5391 -
1289 5366 1332 5403 21.
1344 5349 1480 5420 καρπὸν]
1499 5349 1589 5416 σπόρον
1600 5347 1619 5396 Ι]
1630 5356 1652 5396 et
1669 5363 1726 5398 rot·-

1603 5449 1622 5486 u.

937 3320 993 3374 loca
1011 3321 1119 3372 immani
1129 3337 1190 3372 eum
1206 3319 1358 3383 vociferatu,
1369 3317 1430 3370 acsi
1441 3317 1577 3388 repentina
1589 3317 1626 3368 eis
1640 3316 1667 3368 in
1683 3334 1726 3368 vc·
1802 3351 1809 3360 -
