3950 5925
653 387 703 448 nn
724 384 896 449 serraca
918 371 1210 447 carrionense.
1681 408 1743 453 m

122 526 169 583 ree
183 510 336 603 d’llphore
346 536 376 581 et
394 523 432 581 de
457 522 591 593 Phileas,
607 522 659 599 qni
680 520 798 579 avaient
811 519 912 596 rigale·
956 539 1022 597 quae
1035 521 1220 599 pertinebant
1233 541 1323 598 usque
1337 522 1373 579 ad
1392 537 1514 582 mortem
1534 522 1680 603 Philippi,
1697 526 1740 583 uti

121 632 202 677 ment
215 618 295 678 servi
308 637 345 677 au
357 618 502 696 pretendn
521 618 685 694 Dicearque
699 630 727 674 et
739 620 756 673 A
769 615 912 692 Scymnus
956 613 1060 673 Noster
1073 636 1132 674 non
1153 617 1259 695 potuit,
1273 617 1324 694 qui
1344 636 1396 676 sua
1408 618 1546 676 sumserit
1559 619 1637 677 unde
1646 618 1743 677 Theo·

95 782 107 801 ⁶
122 716 157 773 de
173 716 260 773 Chio.
275 742 287 767 ι
312 716 349 773 At
370 714 483 793 Ephori
495 713 620 772 historia
632 711 797 791 pertinebat
819 730 912 788 usque
958 732 1084 790 pompus
1094 713 1399 784 sumserat,el‘hilisto
1411 716 1457 773 vel
1470 715 1529 773 alio
1537 715 1637 773 Siculo
1649 716 1741 793 scrip·

121 810 157 867 ad
178 829 287 867 annum
312 810 389 881 3to,
410 828 464 866 nec
484 820 631 883 postrema
646 806 711 884 ejus
730 826 799 884 pars
816 806 911 865 statim
958 821 1124 866 torererum
1132 809 1279 885 Dionysii.
1292 808 1429 869 Nostrum
1439 832 1497 869 non
1508 811 1626 871 novisse
1636 824 1743 871 statum

121 918 190 982 post
204 903 284 962 hunc
298 923 407 963 annum
423 903 532 981 scripta
552 916 607 973 est,
625 902 770 979 siqnidem
793 920 839 959 an.
853 902 909 959 335
958 922 1056 961 rerum
1071 903 1252 975 italicarum,
1263 925 1328 981 quae
1342 920 1424 964 erant
1437 908 1515 965 circa
1530 907 1588 965 350
1604 927 1631 965 a.
1646 907 1692 979 C.,
1706 927 1742 965 eo

123 1015 227 1059 auctor
241 1001 336 1059 adhuc
346 1002 377 1058 in
391 1000 471 1059 vivis
484 1012 558 1071 erat,
569 1014 597 1057 et
609 999 684 1057 liber
699 999 819 1056 ultimus
828 1017 864 1056 ne
873 996 910 1055 ab
956 999 1102 1077 probatur
1113 1000 1193 1078 quod
1212 1001 1392 1060 Bruttiorum
1410 1017 1524 1079 gentem
1537 1022 1585 1063 an.
1602 1005 1659 1062 356
1674 1025 1744 1063 con-

123 1096 190 1172 ipso
200 1096 331 1173 quidem,
346 1094 425 1153 seda
443 1094 619 1171 Demophilo
640 1093 756 1151 demum
773 1093 831 1149 lilio
846 1092 911 1149 ela·
958 1095 1054 1153 fletam
1077 1117 1135 1153 non
1155 1110 1306 1157 memorat.
1323 1132 1363 1142 -
1384 1098 1427 1157 be
1446 1105 1530 1157 Ponti
1550 1119 1602 1158 ora
1627 1100 1743 1160 boreali

122 1191 248 1251 boratus
259 1206 313 1252 est.
329 1191 418 1250 -Et
431 1191 562 1249 haeclere
579 1203 647 1249 suot
661 1191 697 1248 de
710 1202 792 1247 aetatc
804 1189 912 1269 peripli
958 1193 1138 1250 accuratiora
1145 1192 1232 1251 babet
1242 1193 1401 1267 llerodoto,
1411 1209 1443 1254 ut
1453 1210 1529 1254 recte
1543 1210 1642 1254 monet
1656 1197 1744 1256 Ulter-

124 1300 285 1365 sententras,
303 1306 429 1364 quarum
446 1286 576 1345 iacienda
595 1297 657 1343 erat
677 1284 803 1356 mentio;
830 1296 912 1341 cete-
959 1300 1015 1345 tus.
1029 1286 1065 1345 ln
1079 1289 1265 1348 meridionali
1282 1290 1367 1347 litore
1389 1290 1490 1349 iudea
1506 1292 1631 1350 Phaside
1653 1313 1743 1369 quum
1840 1322 1848 1337 ·

125 1401 173 1440 ras
187 1402 280 1459 quum
303 1382 412 1441 dudum
436 1382 496 1439 viri
511 1380 589 1438 docti
610 1380 817 1451 refutaverint,
835 1392 912 1437 vete·
960 1380 997 1439 de
1007 1383 1185 1461 populorum
1200 1382 1394 1443 barbarorum
1408 1385 1484 1443 serie
1497 1386 1549 1444 alii
1562 1387 1620 1445 alia
1631 1387 1750 1445 tradere

125 1497 185 1534 rem
201 1476 343 1535 cramben
357 1496 416 1533 nnn
430 1495 557 1552 recoquo
570 1477 620 1550 (i).
960 1478 1083 1553 soleant,
1097 1502 1163 1539 cnm
1176 1481 1283 1539 Nostro
1295 1482 1327 1540 in
1337 1482 1461 1557 singulis
1476 1483 1535 1541 iere
1548 1484 1664 1557 egregie
1675 1504 1744 1541 con·

163 1573 215 1636 64.
229 1570 297 1628 iam
318 1572 344 1629 si
355 1570 422 1646 quis
443 1570 529 1627 totius
541 1570 631 1631 maris
646 1568 753 1629 interni
768 1567 912 1647 peripium
960 1576 1090 1633 sentiunt
1099 1577 1295 1652 Argonautica
1304 1576 1456 1655 Apollonii
1470 1576 1576 1635 Rhodii
1590 1589 1619 1634 er
1632 1577 1744 1653 Diony·

123 1666 305 1745 composuit,
331 1677 555 1724 consentaneum
567 1678 610 1723 est
628 1686 688 1723 non
707 1667 803 1743 ipsum
816 1665 913 1722 omnia
952 1666 999 1729 'sii
1018 1670 1191 1746 Periegesis.
1210 1670 1266 1729 Sed
1290 1672 1411 1747 quinam
1437 1673 1553 1749 primus
1575 1671 1637 1729 baec
1657 1672 1699 1729 sic
1714 1672 1746 1729 in

125 1764 239 1822 vidisse
264 1777 294 1820 et
304 1782 463 1821 emensum
478 1780 552 1832 esse,
579 1761 629 1820 sed
643 1760 772 1840 plurima
789 1780 826 1818 ex
848 1760 914 1818 aliis
960 1766 1071 1844 scripto
1093 1766 1193 1845 aliquo
1209 1767 1405 1845 geographico
1424 1768 1592 1842 tradiderit,
1611 1787 1665 1845 ego
1679 1769 1745 1845 qui·

126 1857 318 1933 assumsisse,
356 1856 487 1933 adeoque
528 1868 632 1914 statum
672 1854 914 1932 geographieum,
960 1858 1025 1917 dem
1036 1860 1134 1919 dicere
1148 1882 1206 1919 non
1216 1861 1308 1919 habeo
1324 1860 1381 1939 ς’),

125 1952 223 2028 qualis
236 1963 322 2009 aetate
335 1952 491 2029 scriptoris
509 1964 582 2021 erat,
593 1952 624 2007 in
638 1948 677 2009 ils
697 1962 806 2007 tantum
818 1948 915 2023 regio-
1001 1956 1050 2013 65,
1061 1964 1141 2013 Λεία,
1150 1966 1263 2015 minoris
1274 1978 1356 2015 oram
1366 1958 1517 2016 occiduam
1530 1960 1745 2019 etmeridjona.

126 2048 214 2105 nibus
226 2045 379 2121 exhiberi,
396 2065 461 2124 quae
484 2066 545 2124 prae
561 2045 663 2103 ceteris
679 2045 706 2103 ei
729 2056 804 2101 notae
819 2056 912 2103 etant.
960 2050 1019 2107 lem
1041 2050 1146 2109 Noster
1167 2072 1204 2110 ex
1222 2067 1341 2111 anctore
1362 2053 1544 2131 petivit,'qui
1561 2054 1629 2112 item
1639 2054 1745 2131 junior

126 2141 229 2217 ltaque
244 2160 335 2216 quum
351 2140 387 2199 ad
405 2154 570 2218 postremos
584 2158 676 2197 annos
692 2138 824 2216 Philippi
842 2158 915 2195 non·
960 2156 1023 2201 erat
1033 2144 1180 2203 Herodoto
1194 2166 1247 2205 nec
1258 2147 1301 2205 ita
1314 2147 1437 2205 multum
1452 2160 1519 2205 ante
1533 2146 1664 2225 Philippi
1677 2161 1746 2207 tem·

127 2237 185 2294 nisi
198 2236 231 2293 in
239 2235 375 2312 Graeciae,
385 2234 561 2293 Macedoniae
571 2247 601 2292 et
608 2234 737 2291 Thraciae
745 2233 917 2311 descriptio-
961 2259 1036 2318 pora
1046 2240 1174 2318 scripsit,
1188 2239 1257 2298 Rem
1266 2254 1407 2299 testantur
1419 2240 1521 2299 [auca
1531 2240 1621 2300 loniae
1632 2241 1671 2319 (p,
1682 2244 1744 2319 71),

127 2350 164 2388 ne
184 2330 364 2389 descendere
385 2331 482 2401 liceat,
509 2330 541 2387 in
565 2329 611 2387 his
637 2330 747 2387 vixisse
769 2340 915 2385 auctorem
962 2352 1049 2410 quam
1071 2333 1174 2392 urbem
1198 2356 1244 2394 an,
1267 2337 1322 2393 383
1341 2336 1486 2393 conditam
1505 2355 1596 2395 essee
1615 2337 1746 2395 Diodoro

127 2427 312 2501 conjicimus.
334 2425 413 2485 ldem
432 2426 554 2501 colligas
566 2445 582 2482 e
594 2427 612 2501 S
624 2434 672 2497 to,
692 2423 743 2482 ubi
763 2438 915 2501 postquam
962 2441 1085 2487 constat.
1106 2429 1220 2499 Quodsi
1243 2428 1419 2490 Letronnius
1446 2430 1605 2491 Leucarum
1627 2435 1747 2492 nomine

128 2526 226 2584 sinum
242 2524 429 2583 Corinthium
445 2536 545 2581 auctor
556 2523 666 2597 legerat
682 2540 775 2598 usqne
792 2522 828 2579 ad
850 2521 917 2579 inti·
962 2541 1024 2580 non
1038 2522 1141 2580 urbem
1156 2524 1206 2581 sed
1221 2524 1455 2604 promontorium
1469 2537 1569 2583 nostro
1580 2526 1647 2582 ioco
1657 2527 1746 2601 signi·

128 2639 208 2677 mum
225 2638 384 2689 recessum,
401 2618 470 2677 binc
484 2618 555 2675 dicit
569 2636 621 2695 per
642 2616 778 2675 isthmum
795 2615 919 2693 qnadra-
965 2616 1047 2675 ficari
1062 2617 1199 2695 opinatus
1218 2630 1276 2690 est,
1298 2638 1385 2677 causa
1399 2620 1588 2677 sententiaein
1602 2638 1637 2677 eo
1651 2621 1747 2697 posita

127 2716 212 2791 ginta
234 2714 396 2773 stadiorum
414 2714 493 2772 viam
518 2732 582 2771 esse
607 2711 669 2793 πρὸς
690 2712 737 2781 riv
749 2710 804 2769 tat
825 2714 917 2785 ἡμῶν
962 2724 1018 2783 est,
1034 2711 1114 2788 quod
1127 2713 1279 2791 complura
1290 2713 1385 2773 inesse
1398 2710 1487 2789 hujus
1501 2732 1560 2771 orae
1573 2713 1747 2790 descriptio·

128 2811 281 2871 θάλασσαν.
298 2811 424 2888 Scripsit
435 2812 525 2886 igitur
535 2808 573 2868 ab
584 2810 697 2868 oriente
708 2807 798 2885 hujus
806 2808 916 2879 isthmi,
963 2807 995 2865 ni
1003 2805 1254 2884 viderentur,quae
1262 2797 1455 2885 antiquiorem
1462 2820 1572 2865 aetatem
1581 2822 1744 2883 arguerent.

128 2906 255 2965 Athenis
280 2905 390 2981 forsan,
423 2918 456 2964 nt
493 2904 568 2962 bene
602 2904 716 2962 monuit
743 2900 918 2962 letronnius
962 2900 1746 2982 Primumeuiminlihodoinsulalp.73)nonllhodnm

127 3023 157 3080 p.
184 3003 257 3068 243.
277 3001 321 3060 De
342 2999 600 3078 longinquioribus
613 2998 785 3076 regionibus
810 3000 919 3078 scripta
963 2996 1080 3072 urbem,
1094 2999 1144 3058 sed
1159 3000 1277 3059 nonnisi
1292 3001 1424 3079 tripolim
1438 3001 1593 3058 memorari
1606 3001 1688 3060 dicit.
1702 3000 1747 3058 Ad

127 3096 330 3174 geographica
341 3095 522 3157 adhibuerit.
539 3115 606 3171 quse
619 3107 687 3152 tunc
702 3095 828 3152 nancisci
839 3108 919 3172 pote·
963 3093 1085 3151 eandem
1107 3114 1169 3154 rem
1186 3094 1355 3153 Mannertus
1374 3094 1538 3172 attendens,
1554 3113 1591 3151 ex
1614 3093 1670 3152 hoc
1688 3115 1748 3175 rino

128 3204 173 3248 rat
185 3191 400 3250 recentissima.
417 3191 460 3247 De
473 3193 561 3246 italia
574 3203 603 3246 et
623 3193 729 3263 illyria
747 3188 820 3248 nihil
837 3191 919 3246 novit
963 3187 1030 3246 loco
1040 3190 1185 3268 periplum
1195 3202 1313 3246 antean.
1328 3191 1385 3256 sos
1397 3190 1537 3268 scriptum
1548 3208 1610 3247 esse
1620 3190 1748 3266 collegit.

128 3287 209 3364 quod
225 3288 265 3345 sit
281 3286 430 3364 posterius
442 3298 523 3343 aetate
532 3284 670 3360 Dionysii
682 3284 872 3362 tyranni,qui
882 3285 919 3343 ad
964 3284 1074 3342 Contra
1087 3283 1265 3343 Niebuhrius
1287 3284 1378 3343 verba
1400 3286 1507 3363 peripli
1524 3284 1673 3356 laborare,
1695 3306 1748 3345 nec

130 3385 285 3440 Anconam
307 3399 400 3456 usque
425 3399 503 3437 mare
523 3379 702 3438 Adriaticum
717 3377 829 3438 Graecis
840 3393 919 3457 pate·
964 3380 1749 3459 posseargumentnmpetielococorrupto,rectissime

129 3481 246 3536 iecerat
260 3474 359 3545 Quare
370 3473 474 3534 Noster
484 3473 521 3534 de
536 3473 642 3533 intimo
656 3474 721 3552 ejus
734 3475 803 3532 sinu
814 3493 919 3551 parum
966 3475 1092 3536 monuit.
1108 3475 1171 3532 linc
1192 3475 1301 3532 accedit
1315 3473 1394 3550 quod
1421 3472 1517 3532 Rhodi
1537 3474 1659 3531 omissio
1673 3474 1747 3532 nihii

130 3571 513 3644 adbucaccuratahabet,in
525 3585 618 3628 cetera
629 3582 710 3648 parte
720 3568 918 3627 benedoctum
965 3573 1058 3647 magis
1074 3592 1160 3649 (quam
1180 3571 1312 3648 Byzantii
1334 3570 1516 3647 aliarumque
1542 3567 1659 3627 urbium
1678 3590 1749 3647 pro-

130 3685 161 3723 se
174 3665 302 3744 praebet.
318 3665 455 3742 Dionysii
468 3685 514 3723 res
527 3665 557 3722 in
574 3666 647 3722 mari
658 3663 811 3738 Adriatico
826 3678 920 3738 gestas
964 3666 1059 3739 baret,
1080 3667 1191 3744 quippe
1204 3684 1291 3742 quam
1303 3665 1434 3723 librariis
1452 3664 1602 3722 vindicare
1616 3663 1700 3736 licet;
1714 3686 1748 3723 ac

130 3761 193 3819 inse
201 3773 379 3838 exposuerat
388 3779 483 3836 neque
493 3759 684 3838 geographica
695 3759 725 3816 in
733 3757 780 3817 his
790 3759 922 3834 neglexe·
966 3780 1068 3840 reapse
1077 3762 1125 3819 vel
1142 3761 1247 3818 horum
1260 3760 1345 3838 culpa
1360 3758 1454 3816 ithodi
1469 3757 1553 3817 urbis
1572 3757 1749 3817 mentionem

131 3869 177 3914 rat
187 3856 410 3935 Theopompus,
419 3857 471 3933 qui
482 3859 513 3914 in
524 3855 596 3914 Hist.
607 3855 687 3914 libro
696 3853 920 3926 XXXIX,rebus
965 3856 1105 3914 excidisse
1116 3856 1162 3913 vel
1179 3875 1234 3934 pro
1246 3853 1393 3932 corruptis
1406 3852 1529 3919 Ῥόδος...
1546 3855 1623 3924 νῆσος
1634 3851 1751 3931 epistolii<

130 3952 331 4010 Macedonicis
349 3953 419 4010 anni
441 3952 498 4019 348
517 3952 666 4030 prolixum
697 3950 733 4008 de
752 3949 851 4008 Siculo
874 3963 918 4026 ty·
965 3948 1065 4030 ἀρχαία
1079 3949 1153 4016 πόλις
1170 3950 1228 4025 leg.
1244 3969 1307 4008 esse
1321 3951 1397 4020 νῆσος
1407 3947 1452 4006 καὶ
1466 3946 1683 4026 πῶιιςπρίπολις
1696 3949 1751 4026 tp-

132 4049 532 4108 rannoexcursumintexuit.
542 4045 919 4126 At'l'heopompihistoriis,
964 4045 1043 4126 qaia,
1057 4047 1130 4120 xri„
1143 4065 1180 4104 ex
1193 4065 1229 4103 eo
1254 4045 1412 4124 suspiceris
1429 4043 1509 4121 quod
1522 4062 1612 4124 quum
1633 4043 1750 4122 tripolis

163 4225 194 4286 (Ἴ
205 4225 350 4276 clansenius
357 4223 374 4274 l.
382 4223 399 4272 l.
411 4235 435 4284 p.
444 4227 489 4274 tis
503 4243 510 4273 ·.
527 4242 539 4266 α
551 4223 659 4286 Peripius
673 4223 786 4272 tribuitur
798 4220 889 4283 Scylaci
904 4221 1070 4282 antiquissimo
1082 4222 1161 4271 aetatis
1173 4221 1238 4271 Darii
1257 4221 1382 4283 iiysiaspis
1393 4233 1407 4269 a
1421 4223 1485 4270 Lara
1495 4218 1620 4268 flumenin
1635 4218 1751 4276 (Bretiosr

134 4296 206 4356 mist.
220 4300 276 4345 Par.
291 4309 316 4356 p.
335 4301 361 4346 tt
371 4294 390 4354 i,
401 4294 511 4344 Fabricio
533 4294 610 4355 (Bibi.
626 4307 662 4355 gr.
675 4295 719 4352 iit,
735 4300 756 4350 t,
774 4297 814 4342 tot
828 4295 845 4353 t,
858 4294 950 4353 iiagero
963 4293 971 4352 (
985 4295 1074 4353 Gener.
1091 4291 1262 4350 Buchersaat,
1277 4295 1296 4352 i,
1311 4305 1334 4354 p.
1351 4292 1425 4353 ato),
1437 4289 1607 4340 sainte-croix
1616 4288 1624 4350 t
1633 4290 1708 4339 th.
1719 4289 1751 4339 de

134 4365 229 4416 sarad.
240 4364 268 4416 ti.
280 4367 358 4414 inser.
371 4366 445 4424 itini.
460 4379 484 4428 p.
496 4369 556 4424 35⁰3
567 4367 663 4414 iteum.
675 4365 735 4412 crit.
750 4361 793 4412 der
805 4361 898 4412 tristor.
913 4361 1012 4412 arta.
1023 4361 1062 4410 ed.
1078 4365 1109 4421 it,
1125 4376 1149 4425 p.
1163 4370 1209 4415 7³0
1219 4363 1238 4423 ),
1250 4363 1340 4424 Bayero
1351 4363 1360 4420 (
1373 4365 1408 4410 De
1423 4360 1472 4409 situ
1493 4359 1598 4421 scythias
1608 4371 1695 4407 comm.
1707 4362 1751 4408 Pe·

136 4440 195 4496 trop.
213 4437 258 4494 itt,
276 4447 302 4497 p.
317 4441 347 4484 ss
364 4433 382 4492 t.
398 4433 493 4492 Quibus
511 4433 639 4482 assentitur
656 4431 757 4482 Gaiiins.
773 4460 805 4474 -
827 4433 950 4494 Scylacem
961 4431 1044 4494 pantio
1057 4435 1110 4496 post
1123 4433 1271 4483 Herodotum
1294 4433 1413 4492 scripsisse
1433 4427 1525 4477 censuit
1540 4428 1661 4478 Mazoociri
1674 4429 1751 4480 rabo.

135 4504 225 4554 iterari.
242 4517 266 4567 p.
280 4511 321 4554 tot
334 4523 342 4564 ;
357 4505 454 4554 ineunte
466 4504 529 4554 heito
552 4504 752 4565 Peloponnesiaco
768 4507 907 4553 Manaertus
923 4504 1021 4565 (Geogr.
1032 4506 1051 4564 Ι,
1067 4517 1091 4566 p.
1107 4504 1163 4566 io);
1181 4509 1235 4567 post
1246 4503 1365 4552 Timaeum
1376 4500 1504 4550 cturerins
1514 4499 1523 4561 (
1534 4497 1588 4549 tut.
1606 4501 1662 4548 ant
1672 4499 1715 4558 tv,
1728 4502 1754 4558 t,

135 4592 157 4640 p.
177 4578 261 4636 tiss);
273 4576 399 4637 &siam
415 4577 503 4625 vixisse
513 4577 586 4624 etate
598 4574 690 4636 polybii
701 4587 766 4624 cens.
781 4573 919 4624 Dodwetins
931 4573 1046 4636 (Dissert.
1056 4574 1087 4623 de
1098 4576 1163 4637 Scyt.
1174 4576 1194 4636 )‚
1206 4574 1317 4624 wastina
1328 4572 1368 4633 (ad
1380 4571 1459 4621 Thus.
1473 4572 1504 4628 ti,
1513 4571 1565 4632 tii).
1576 4588 1590 4614 s

163 4648 208 4708 θ’)
229 4647 318 4696 Vivien
332 4645 364 4694 de
378 4645 546 4696 saint-startia
561 4645 714 4696 itecitercires
726 4657 774 4694 sur
786 4645 822 4694 tes
837 4644 1006 4707 populations
1024 4647 1167 4706 primitivas
1182 4645 1218 4694 dn
1233 4647 1347 4694 canense
1365 4641 1464 4701 (Puris
1480 4638 1557 4700 1847)
1572 4651 1595 4700 p.
1608 4642 1636 4688 57
1653 4652 1659 4686 :
1678 4657 1690 4681 ι
1705 4639 1752 4686 Sur

134 4717 245 4779 i’tpoqna
253 4715 284 4766 de
297 4716 321 4765 ia
332 4717 426 4778 portion
437 4715 471 4765 dn
482 4716 573 4778 Peripie
586 4715 617 4764 de
628 4715 716 4778 scylax
724 4714 766 4778 qui
776 4729 802 4765 se
814 4717 924 4777 rapporte
936 4727 982 4763 aux
995 4714 1100 4764 cotenu
1115 4716 1190 4774 Poat,
1202 4716 1228 4763 et
1241 4725 1282 4762 snr
1291 4712 1326 4761 tes
1336 4723 1433 4759 sources
1442 4709 1498 4758 d'oir
1510 4710 1555 4759 elie
1567 4709 1603 4758 tut
1615 4707 1684 4767 tirte,
1696 4719 1751 4768 roy.

131 4793 199 4837 noue
209 4788 331 4837 Histoire
342 4785 532 4850 geograpttqne
548 4785 580 4835 de
595 4785 672 4837 i'Asie
682 4789 811 4843 mineum,
825 4789 884 4836 tom.
896 4788 917 4848 i,
930 4798 954 4847 p.
967 4791 1022 4836 tis.
1035 4803 1047 4828 ι
1059 4789 1095 4836 Eo
1105 4785 1166 4835 libro
1176 4785 1212 4834 nti
1226 4783 1285 4833 mihi
1295 4795 1345 4832 non
1355 4780 1450 4830 licebat.
1461 4782 1574 4830 cetarum
1587 4779 1669 4842 peripti
1677 4775 1752 4828 nutri

130 4861 215 4907 auctor
230 4856 337 4906 ittartino
348 4860 385 4906 est
403 4856 499 4919 Scylax,
509 4858 644 4922 qnisecnlo
656 4859 725 4907 serto
737 4870 759 4907 a.
773 4858 819 4907 cti.
832 4857 936 4918 scripsit,
949 4855 1051 4919 ideoque
1064 4855 1189 4905 Ponticum
1202 4853 1306 4916 scylacis
1318 4850 1437 4914 pertitinm
1451 4850 1510 4900 dicit
1527 4851 1544 4899 i.
1563 4849 1579 4898 l.
1592 4868 1605 4891 ι
1621 4849 1700 4910 redigt
1713 4861 1754 4896 sur

132 4927 173 4976 ries
188 4927 328 4976 materians
344 4927 489 4977 miitsicns·
506 4928 543 4978 ct.
565 4927 641 4980 idem.
657 4929 682 4976 in
697 4928 820 4979 ittmotre
833 4927 977 4990 tismrique
989 4939 1038 4976 sur
1058 4925 1085 4976 ln
1095 4927 1179 4986 emer.
1199 4937 1258 4974 unc.
1278 4922 1315 4972 du
1334 4925 1448 4972 Caucaso
1459 4921 1468 4980 (
1477 4924 1554 4971 Paris
1568 4921 1625 4969 itti
1638 4921 1647 4979 )
1661 4932 1683 4980 p.
1702 4925 1751 4968 ta:

132 5017 143 5039 ι
154 5000 200 5048 ces
211 4999 311 5048 notione
322 4998 396 5060 (qne
407 4997 438 5048 de
453 4999 558 5048 Ponticis
571 4999 708 5061 regionibns
721 5011 763 5062 per
774 4997 878 5049 Milesios
893 4997 1042 5048 innotuerint
1054 4999 1079 5046 et
1092 4995 1124 5044 ab
1135 4994 1291 5044 onomacrito
1302 4993 1327 5041 in
1341 4993 1446 5053 orphica
1459 4991 1523 5040 itata
1537 4989 1603 5049 sint)
1616 4991 1670 5037 sont
1681 4986 1751 5036 d’aii·

130 5067 194 5118 leurs
207 5069 317 5118 arrietes
326 5067 424 5131 jusqn’i
440 5081 511 5129 nons,
526 5071 648 5119 anmoins
661 5082 692 5118 en
705 5070 790 5130 partie,
802 5068 863 5118 dans
878 5068 931 5118 leur
943 5067 1019 5117 ionae
1032 5065 1215 5128 prohahlement
1225 5064 1353 5126 originale3
1363 5063 1423 5114 c’est
1441 5063 1464 5112 ie
1476 5060 1567 5124 ptripie
1577 5059 1608 5109 ds
1618 5061 1704 5123 scylax
1723 5060 1754 5108 rie

132 5141 269 5203 Karyanda,
285 5139 419 5191 document
432 5140 546 5204 prtcieus
567 5140 598 5191 de
611 5141 634 5190 ia
649 5141 681 5190 im
692 5140 725 5190 (in
739 5141 839 5190 sisitme
859 5140 932 5190 siecle
945 5140 1018 5189 arant
1031 5137 1108 5198 stt,
1125 5134 1167 5198 qni
1187 5147 1250 5184 nous
1268 5135 1302 5184 las
1316 5147 1332 5182 a
1348 5131 1519 5183 oannes...
1534 5133 1568 5181 ba
1579 5130 1655 5193 potiit
1668 5129 1710 5191 qni
1727 5141 1755 5177 ὅθ

130 5213 242 5273 rapporte
257 5221 309 5260 anx
322 5211 390 5262 cotes
402 5210 601 5276 septentrionales
612 5210 809 5262 carentonae
823 5221 916 5273 ι’ῑηχῑῃ
928 5235 960 5274 ῃρ
972 5223 1143 5287 myrsineum
1154 5207 1220 5258 trare
1237 5204 1382 5257 d'ariditions
1398 5202 1582 5268 posttrienrasi
1597 5203 1620 5252 ta
1631 5200 1755 5252 Machor

131 5280 258 5341 primitive.
269 5297 283 5321 υ
1736 5295 1742 5306 ·
