3950 5925
297 408 360 451 m
803 341 813 355 ’
951 382 1249 445 τοοιοοοωωω.

294 512 409 589 jacere;
440 522 468 567 at
496 508 576 568 nulla
600 506 643 566 ibi
671 519 714 565 est
735 507 830 565 insula
859 528 926 585 quae
956 505 1081 581 intelligi
1123 518 1168 561 tra
1179 512 1269 561 sintina
1282 508 1421 561 Persicam
1434 508 1525 563 Ccme
1536 512 1700 561 nominatur
1709 512 1801 564 insuia
1813 516 1896 570 adrer-

298 626 363 665 cnm
379 602 596 684 probabilitatis
616 602 714 679 aliqua
728 603 827 679 specie
845 603 954 681 possit;
968 621 1035 660 nam
1046 601 1083 659 de
1122 621 1156 657 ra
1170 604 1329 678 AEtlriopioe,
1346 610 1426 674 cuius
1437 623 1526 678 neque
1539 607 1704 677 magnitudo
1718 624 1806 679 neque
1824 614 1896 666 intra

298 704 394 759 radat
412 698 508 759 insula
531 698 583 756 vix
609 697 683 754 1800
703 695 826 755 stadiaa
846 698 919 757 lreto
936 697 1083 756 Gaditano
1122 701 1227 754 ralhrm
1252 720 1273 753 a
1296 706 1455 755 continente
1476 713 1599 767 constan·
1630 700 1776 774 AEthiopes
1798 716 1894 762 tonum
1917 708 1921 713 ⁴

298 798 413 867 dissita,
429 814 494 872 que
507 792 664 852 Gosselino
687 792 723 869 (ἢ
741 804 785 851 est
799 791 893 850 Cerne
912 790 1080 861 Hannonis,
1116 792 1897 870 popanstatmpmniuridemib.:apamenam
1951 845 1952 848 ,

298 897 398 951 sanior
418 912 502 950 nemo
523 888 680 964 cogitabit;
702 908 756 947 nec
783 890 948 963 magistros
975 887 1082 965 juvant
1127 890 1299 944 esrattubm
1307 895 1380 944 mon¹
1390 896 1556 961 navigantes
1567 894 1598 944 in
1617 909 1681 944 cant
1699 888 1828 962 (Cernen
1842 896 1894 967 sc.)

299 1002 383 1047 terre
395 1000 489 1045 motus
498 998 527 1043 et
538 984 743 1043 inundationes
752 1004 824 1061 quas
834 984 962 1059 Cernen,
972 998 1004 1041 ut
1015 983 1081 1043 Pla·
1123 1002 1179 1037 non
1184 1002 1266 1057 posse
1273 986 1349 1039 altra
1360 988 1506 1039 columnas
1514 986 1647 1057 quasdem
1658 981 1716 1061 (ita
1725 989 1895 1062 appellantur

299 1083 375 1141 tonis
390 1084 474 1140 istam
496 1079 683 1151 Atlantidem,
707 1078 890 1157 absorpsisse
906 1079 1081 1157 quibusdam
1121 1100 1219 1153 parra
1229 1084 1332 1136 insuta
1344 1079 1486 1155 )proteiri.
1500 1079 1596 1137 Nimis
1609 1079 1671 1136 haec
1686 1098 1760 1153 vaga
1773 1101 1853 1157 ηωοω
1866 1099 1894 1143 ut

297 1178 417 1255 placuit.
444 1176 537 1234 lmnto
561 1175 678 1233 Plinius
701 1174 792 1232 verba
814 1176 888 1233 illa:
915 1184 944 1232 in
956 1190 1083 1233 extrema
1124 1178 1333 1232 accuratiorem
1342 1174 1564 1253 topographiam
1578 1174 1893 1245 adrnittan13Ptolemei

297 1279 475 1331 Mauritania
489 1272 525 1331 de
543 1292 597 1330 suo
617 1291 694 1349 penu
712 1273 869 1331 oscitanter
882 1272 996 1350 adjecit.
1010 1273 1082 1330 Nam
1124 1283 1219 1327 autem
1241 1271 1400 1342 sententia,
1423 1289 1460 1330 ex
1481 1290 1539 1348 qua
1564 1270 1658 1327 Cerne
1678 1270 1787 1327 Atlanti
1801 1273 1893 1349 majori

297 1366 464 1426 confudisse
478 1384 543 1422 eum
561 1362 742 1422 Mauritaniae
759 1379 787 1422 ct
803 1366 1022 1424 meridionalem
1035 1366 1083 1424 AE·
1125 1364 1307 1424 Mauritaniae
1318 1364 1448 1442 objacet,
1463 1364 1611 1442 quomodo
1622 1377 1687 1422 orta
1698 1365 1736 1422 sit
1749 1366 1829 1424 facile
1841 1367 1894 1443 jam

298 1462 417 1540 thiopiae
437 1460 580 1519 Atlantem
599 1478 689 1537 supra
706 1459 767 1536 jam
782 1460 926 1531 vidimus;
940 1473 1083 1538 praeterea
1125 1460 1311 1535 intelligitur.
1326 1460 1419 1518 Sicuti
1431 1458 1546 1518 Plinius
1560 1459 1620 1516 ‹luo
1636 1459 1819 1535 antiquorum
1831 1465 1894 1520 scri·

298 1577 334 1615 cx
345 1559 458 1635 reliqua
472 1555 561 1634 hujus
576 1576 636 1613 orae
657 1555 854 1635 descriptione
874 1569 951 1635 patet
965 1557 1082 1616 diversa
1125 1566 1242 1631 ptorum
1256 1554 1388 1612 Atlantes
1396 1556 1426 1611 in
1438 1573 1527 1611 unum
1539 1552 1747 1611 Mauritaniam
1760 1556 1893 1626 conflarit,

298 1674 361 1711 eum
377 1654 526 1711 miscuisse
545 1652 710 1709 festinantia
731 1652 998 1731 compilatorialv.
1021 1666 1081 1713 not.
1124 1649 1168 1705 sic
1187 1648 1360 1706 Ptolemaeus
1383 1648 1538 1723 distinguit
1567 1647 1702 1724 quidem,
1728 1648 1895 1727 alterumque

299 1748 334 1805 ad
351 1748 445 1805 Hann.
469 1767 499 1825 p.
519 1749 653 1822 7extr.).
666 1746 778 1815 Quodsi
794 1748 858 1823 ipse
881 1746 1024 1821 Polybius
1045 1748 1083 1806 de
1125 1744 1269 1801 Atlantem
1285 1744 1448 1818 minorem,
1463 1743 1585 1801 alterum
1606 1743 1894 1821 majoremdicicaa

298 1842 392 1901 Cerne
401 1842 437 1899 ad
450 1846 638 1899 Mauritania.-
648 1845 791 1897 Atlantem
805 1841 940 1918 ponenda
953 1842 1082 1900 monuis·
1123 1836 1611 1915 armumquevindicatllauritaniae.
1619 1838 1706 1907 Quod
1713 1839 1826 1915 quidem
1832 1862 1895 1918 prae·

297 1949 350 2009 set,
362 1934 415 2013 qui
428 1937 459 1992 lit
472 1948 504 1993 ut
516 1936 574 1992 alio
584 1936 649 1992 loco
661 1935 777 1993 Plinius
790 1936 912 1993 miretur
923 1935 1081 2013 Polybium
1125 1947 1169 1991 ter
1189 1933 1375 1993 Ptolemaeum
1395 1953 1432 1991 an
1456 1935 1531 1992 alius
1554 1935 1631 1993 ullus
1649 1934 1766 2005 lecerit,
1789 1937 1892 2009 nescio,

297 2034 444 2091 Atlantem
468 2032 500 2089 in
522 2031 625 2089 ultinm
647 2031 795 2109 AEthiopia
813 2031 968 2103 collocare,
995 2051 1082 2108 quem
1124 2048 1190 2086 nam
1205 2029 1343 2107 Stephani
1358 2031 1427 2107 Byr.
1445 2029 1557 2088 verba:
1573 2028 1727 2101 Ἄτλαντας,
1741 2029 1808 2098 ἔθνος
1824 2034 1892 2091 Atio·

297 2128 385 2185 ceteri
394 2144 494 2185 omnes
508 2125 692 2186 Mauritaniae
702 2126 1007 2201 assignarentinonne
1020 2140 1081 2184 turn
1124 2125 1183 2182 κόν·
1203 2124 1342 2205 Ἡρόδοτος
1361 2126 1396 2185 δ’.
1410 2124 1466 2185 lost
1487 2126 1533 2184 καί
1547 2123 1577 2183 τὸ
1596 2125 1680 2201 ὄνομα
1698 2126 1751 2184 ἀπὸ
1764 2129 1813 2184 τῶν
1825 2130 1892 2205 ὀρῶν,

297 2222 372 2279 scire
386 2219 510 2278 debehat
523 2220 595 2277 duos
609 2220 789 2295 distinguere
808 2220 965 2297 Polybium
981 2222 1081 2279 Atlan·
1123 2224 1185 2279 τῶν
1195 2221 1251 2281 δύο
1265 2220 1470 2294 Ἀτλάντων,
1486 2242 1556 2281 num
1564 2222 1715 2281 Ptolemaei
1725 2225 1891 2308 sententiam,

299 2327 341 2372 tes
352 2312 406 2392 (*)i
430 2312 556 2371 Eandem
576 2313 772 2387 ignorantiam
791 2326 820 2371 et
834 2313 953 2393 ἀκρισίαν
972 2317 1081 2394 prodit,
1123 2336 1161 2374 an
1170 2318 1347 2395 scriptorum
1356 2317 1568 2393 antiquiorum,
1579 2330 1721 2395 spectent,
1731 2338 1789 2377 non
1800 2321 1891 2396 liquet.

296 2408 349 2467 ubi
359 2406 537 2466 Atlantidem
546 2406 653 2465 Atlanti
665 2408 796 2485 adjacere
804 2409 859 2480 ait;
871 2428 936 2467 nam
945 2411 998 2467 etsi
1004 2410 1081 2469 hunc
1123 2411 1195 2480 Quas
1210 2426 1350 2489 praterea
1360 2412 1397 2469 de
1406 2413 1499 2469 Cerne
1512 2412 1607 2493 insula
1625 2412 1798 2485 asseruntur,
1811 2418 1892 2491 poeti·

298 2505 441 2562 Atlantem
454 2504 471 2561 5
484 2502 598 2561 dierum
612 2504 798 2579 navigatione
810 2503 847 2562 ah
858 2505 979 2583 llesperi
989 2526 1081 2564 cornu
1123 2511 1209 2567 neam
1219 2509 1516 2567 redolentlicentiam.
1529 2508 1578 2566 Sic
1587 2508 1766 2587 Lycophron
1772 2510 1846 2567 Cass.
1862 2513 1890 2566 16

297 2600 437 2659 orientem
458 2617 560 2657 versus
574 2598 683 2658 distare
701 2599 864 2673 retulisset,
881 2621 939 2659 non
954 2614 1081 2659 mmena
1123 2604 1154 2661 in
1169 2604 1263 2662 Cerne
1278 2604 1363 2680 lingit
1376 2602 1473 2661 cubile
1496 2604 1636 2680 Aurorae,
1654 2617 1797 2662 exnemas
1813 2618 1891 2662 terra·

298 2706 394 2751 monte
409 2693 589 2753 hlauritaniae
602 2692 749 2753 diversum
766 2693 841 2756 lacit.
1123 2718 1188 2756 rum
1200 2699 1300 2777 plagas
1314 2698 1515 2770 contundens,
1539 2698 1626 2756 sicuti
1642 2700 1751 2776 passim
1765 2698 1857 2756 lndica
1867 2714 1892 2756 et

339 2788 404 2845 llaec
418 2787 508 2863 igitur
525 2788 556 2845 in
572 2788 672 2866 aprico
686 2802 765 2847 sunt.
779 2790 877 2849 Minus
893 2789 984 2866 liquet
1005 2811 1080 2867 quo·
1122 2792 1285 2871 AEthiopica
1301 2805 1515 2871 permutantur.
1538 2793 1723 2870 Palaephatus
1742 2794 1773 2851 in
1788 2792 1891 2850 lncrcd.

298 2884 385 2942 crioilo
410 2884 514 2941 lactum
542 2884 580 2942 sit
599 2896 631 2942 ut
654 2883 747 2943 Cerne
768 2886 864 2943 insula
881 2886 917 2945 ad
935 2887 1082 2945 Atlantem
1122 2908 1148 2948 c.
1165 2890 1201 2945 33
1213 2900 1310 2945 namot
1321 2887 1475 2957 Perseum,
1495 2888 1684 2966 pernavigato
1699 2888 1783 2958 mari,
1795 2887 1891 2964 quoda

297 2980 360 3038 sive
378 2979 414 3036 ad
433 2980 623 3038 llannoneum
636 2981 758 3058 llesperi
773 3001 865 3040 cornu
880 2983 1079 3042 transferatur.
1122 2982 1254 3041 Gadibus
1265 3000 1357 3060 usque
1370 2982 1407 3040 ad
1416 2982 1530 3040 Cernen
1541 2983 1667 3059 pertinet
1677 2983 1731 3058 (ΙΙΙ)
1742 2982 1850 3040 venisse
1859 2983 1889 3039 al

296 3081 341 3132 An
354 3095 450 3134 merus
459 3087 502 3133 est
511 3093 594 3134 error
605 3077 767 3154 scriptoris,
779 3077 863 3154 cujus
875 3091 955 3136 aetate
965 3077 1079 3138 Cernen
1120 3077 1292 3154 Gorgones,
1319 3078 1393 3136 filias
1413 3077 1563 3153 Phoroyos
1577 3076 1689 3134 Cernaei
1706 3098 1713 3133 ε
1733 3077 1768 3136 Ol
1781 3076 1808 3133 δὲ
1830 3080 1890 3155 Ιίτρ·

295 3171 420 3230 insulam
429 3171 539 3229 dudum
554 3170 805 3248 Carthaginienses
817 3172 1022 3231 deseruerant?
1034 3180 1080 3231 An
1120 3175 1189 3232 ναῖοι
1200 3174 1269 3232 κατὰ
1277 3174 1348 3253 γένος
1355 3172 1403 3250 μίν
1415 3174 1465 3231 τίσι
1476 3171 1609 3246 Αἰθίοπες,
1618 3174 1720 3231 οἰκοῦσι
1729 3172 1757 3230 tt
1767 3177 1839 3242 νῆσον
1850 3172 1890 3241 τὴν

296 3267 390 3326 (letne
399 3283 464 3325 cum
478 3266 606 3344 Cyrauni
620 3266 827 3325 confunditur?
841 3267 944 3327 Nescio
955 3289 992 3328 an
1006 3291 1077 3348 pro-
1123 3268 1226 3348 Κέρνην
1238 3268 1288 3336 ίξω
1302 3259 1382 3327 οὖσαν
1401 3270 1453 3326 τῶν
1466 3265 1632 3347 Ἡρακλείων
1647 3268 1761 3339 στηλῶν,
1770 3269 1855 3346 aprici
1867 3266 1890 3323 tt

295 3359 423 3420 habilior
433 3361 508 3419 ratio
520 3361 668 3420 offeratur.
687 3361 799 3421 Etenim
816 3362 847 3420 in
861 3363 989 3442 Cyrauni
1003 3385 1078 3444 quo·
1120 3362 1222 3436 Διὸύηκ
1234 3364 1294 3444 περὶ
1305 3362 1349 3423 τὸν
1363 3361 1480 3424 Ἄννωνα
1500 3361 1620 3440 ποταμὸν
1640 3362 1712 3420 κατὰ
1725 3363 1888 3442 Καρχηδόνα,

294 3477 351 3535 que
361 3457 717 3534 insulaCarthaginienses
729 3461 905 3518 commercia
913 3463 1079 3521 exercuisse
1120 3462 1152 3520 in
1167 3461 1275 3538 quibus
1286 3462 1312 3519 si
1325 3479 1426 3518 revera
1437 3459 1522 3518 fluvii
1531 3457 1640 3516 mentio
1655 3457 1731 3516 lacta
1742 3471 1794 3528 est,
1804 3454 1890 3516 Ἄννων

294 3558 403 3616 scimus
420 3576 457 3615 ex
477 3557 643 3630 llerodoto;
657 3556 744 3636 Κίρνη
766 3571 860 3616 autem
881 3577 1000 3629 nomen,
1020 3557 1078 3616 Bo·
1121 3557 1210 3614 luerit
1225 3554 1298 3615 Χίων
1316 3553 1455 3631 Scylacis.
1480 3556 1517 3612 At
1541 3551 1727 3630 probabilius
1747 3551 1889 3630 Palaephati

294 3651 1075 3728 chartointerprete,significathnbitntionenrnltimam.
1120 3649 1291 3708 sententiam
1304 3650 1393 3708 fuisse
1410 3669 1417 3705 :
1433 3644 1564 3726 ἅροῦστδί
1579 3643 1692 3716 Andrias,
1704 3648 1740 3711 ὡς
1752 3647 1775 3704 ol
1786 3643 1889 3722 περίτὸν

294 3745 387 3804 Statui
404 3747 495 3821 igitur
507 3756 601 3823 potest
617 3743 725 3804 nomen
736 3747 809 3806 illud
821 3767 838 3805 a
850 3747 943 3805 Cerne
957 3747 1078 3806 llanno-
1119 3741 1235 3807 Ἄννωνα
1248 3748 1387 3824 ἱστοροῦσι,
1397 3743 1445 3815 τὴν
1459 3741 1528 3800 κατὰ
1545 3744 1578 3801 Κ.

294 3859 349 3900 nea
362 3841 462 3919 paullo
470 3853 535 3917 post
546 3841 577 3898 in
590 3840 824 3917 longinquiorem
835 3842 910 3900 hanc
923 3843 1077 3906 stationem
1160 3852 1211 3910 ia.
1224 3843 1367 3899 llactenus
1376 3841 1414 3898 de
1424 3837 1636 3916 geographicis.
1644 3837 1776 3896 Transeo
1785 3835 1819 3893 ad
1828 3834 1888 3891 reli·

294 3955 357 3994 esse
378 3938 589 3996 transductum.
607 3936 741 3994 Ceterum
760 3958 823 4014 qua
844 3937 880 3996 de
894 3937 1002 3997 Cernes
1019 3941 1077 3999 situ
1119 3961 1177 4019 qua
1186 3954 1358 4009 commenta,
1372 3937 1482 4016 quibus
1497 3937 1649 3994 llannonis
1662 3937 1791 3993 narratio
1801 3952 1887 3990 annin

294 4031 433 4108 Polybius
441 4031 561 4108 accepit,
570 4030 738 4108 eademjsm
748 4033 865 4092 novisse
872 4032 957 4092 debet
965 4046 1076 4107 auctor,
1119 4036 1256 4114 prebuit.
1275 4033 1413 4093 lninsula
1424 4033 1461 4091 ad
1474 4032 1604 4109 Hesperu
1614 4050 1706 4088 cornu
1722 4031 1801 4104 ignes
1811 4040 1889 4084 noctu

294 4139 486 4202 quoususest
496 4125 532 4184 ad
543 4123 742 4184 adornandam
754 4127 978 4204 mythologicam
993 4149 1075 4188 suam
1118 4132 1373 4207 Carthaginienses
1389 4142 1616 4206 conspexeran13
1640 4126 1719 4202 apud
1741 4123 1887 4182 Diodorum

293 4221 498 4300 geographiam
522 4221 684 4298 Dionysius
701 4221 946 4300 Scytobrachion,
967 4244 1004 4282 ex
1017 4245 1076 4304 quo
1118 4227 1138 4286 l.
1153 4227 1173 4285 l.
1186 4227 1328 4305 llesperia
1341 4224 1428 4283 habet
1444 4242 1549 4298 magna
1569 4221 1649 4301 τυρὸς
1668 4219 1844 4299 ἐκφυσήματα.
1860 4216 1887 4272 ln

293 4337 346 4376 sua
367 4317 514 4376 Diodorus
531 4315 627 4377 habet.
644 4318 685 4376 Ac
698 4337 788 4394 quum
799 4321 842 4378 sic
856 4319 949 4377 Cerne
961 4339 1021 4378 non
1036 4322 1077 4382 ita
1117 4321 1219 4381 'l'heon
1233 4322 1380 4381 collemate
1401 4322 1530 4378 flammas
1544 4320 1684 4377 micantes
1698 4318 1800 4375 Hanno
1810 4313 1889 4370 vitle-

294 4416 379 4489 longe
400 4435 417 4474 a
442 4415 515 4474 inari
538 4414 689 4493 Erythraeo
711 4415 812 4475 abesse
825 4417 922 4496 putari
946 4417 1075 4491 deberet,
1118 4434 1178 4492 rat;
1193 4420 1317 4498 posteris
1329 4419 1399 4477 inde
1415 4418 1448 4476 iit
1464 4417 1548 4475 mon's
1571 4417 1749 4492 ignivomus.
1761 4411 1888 4476 Corillae,

292 4509 433 4588 explicari
459 4510 674 4589 quodammodo
697 4526 820 4591 possum
845 4531 909 4589 quar
941 4513 1077 4588 leguntur
1117 4537 1182 4593 qnae
1200 4516 1232 4573 in
1253 4528 1440 4592 conspectum
1456 4523 1611 4581 venerant,
1633 4509 1772 4586 majorem
1788 4518 1887 4584 partem

193 4665 195 4670 ,
291 4604 369 4683 apud
382 4604 510 4664 Plinium
523 4605 572 4678 vt,
591 4609 640 4680 36,
663 4606 731 4684 ubi,
745 4612 899 4684 postquam
915 4607 946 4666 in
965 4622 1074 4670 anteco.
1117 4624 1200 4669 erant
1219 4610 1353 4680 senrinae3
1369 4606 1439 4665 hinc
1457 4606 1509 4664 alii
1524 4605 1690 4664 fabulantur
1693 4603 1822 4677 sentinas
1835 4606 1889 4654 sinc

293 4698 464 4773 lituloxum,
480 4699 696 4761 'l'imosthenem
711 4714 740 4759 et
751 4699 926 4760 Clitarchum
943 4704 1076 4762 laudave-
1117 4713 1190 4763 σοίια
1200 4711 1317 4761 rruuinnr
1337 4723 1390 4760 sna
1401 4715 1500 4778 sponte
1508 4699 1653 4773 fecundos
1669 4701 1678 4776 (
1692 4698 1767 4755 hlela
1777 4694 1829 4763 tit,
1844 4694 1887 4768 9),

292 4807 346 4864 rat,
356 4813 392 4854 ex
402 4815 461 4855 uno
470 4795 599 4856 alterove
608 4797 711 4858 horum
722 4810 873 4858 auctorum
885 4799 992 4859 refert:
1004 4801 1076 4858 Con·
1117 4801 1168 4859 alii
1180 4797 1251 4864 ίθνος
1259 4795 1543 4876 γυναικοκρατούμενον
1555 4795 1705 4872 fingentes,
1715 4811 1751 4849 ex
1763 4789 1828 4849 Asia
1838 4787 1889 4843 huc

322 4977 354 5040 i')
370 4977 524 5031 Richarcner
537 4991 584 5030 sur
596 4980 624 5031 la
637 4983 720 5044 geogr.
733 4983 794 5032 tout.
812 4985 831 5043 Ι,
842 4996 865 5046 p.
877 4988 906 5036 ti
917 4996 970 5046 sqq.
988 5013 1019 5026 -
1036 4987 1071 5033 De
1079 4984 1139 5033 mita
1151 4983 1244 5033 ratione
1256 4995 1305 5044 qua
1320 4981 1459 5032 Gosseiiuus
1470 4979 1594 5029 Hannonis
1610 4976 1783 5039 naviguionem
1794 4971 1888 5021 adorar-

290 5048 335 5108 vit,
347 5061 424 5109 qutun
435 5050 524 5112 sepius
535 5049 579 5100 titi
590 5049 654 5100 uoctt
664 5052 780 5113 lardirium
795 5054 903 5114 tulerint,
916 5067 964 5103 non
974 5057 1011 5104 est
1021 5067 1064 5103 uir
1074 5057 1158 5116 agaim
1166 5053 1256 5102 denuo.
1267 5053 1349 5114 Neque
1361 5051 1435 5112 magis
1449 5050 1608 5099 immoramur
1619 5045 1795 5110 auctionibus
1811 5051 1887 5091 eorum

290 5120 333 5182 qui
345 5121 438 5169 cernen
451 5119 615 5183 attentarunt
626 5120 649 5169 in
662 5121 718 5170 hod.
731 5121 836 5173 Modera
846 5125 885 5172 vel
896 5123 1041 5184 Alcpranaa
1050 5126 1088 5174 vei
1099 5126 1172 5174 etiam
1183 5122 1208 5172 in
1219 5120 1402 5183 Madaaascar.
1866 5177 1871 5190 ,

323 5188 369 5248 (¹¹)
379 5189 458 5238 Verba
470 5193 528 5240 tttnl
541 5209 547 5240 t
558 5191 643 5253 ματαξὺ
659 5197 700 5250 τῆς
712 5195 798 5256 Κίρκης
807 5196 848 5242 καὶ
858 5200 899 5252 τῆς
909 5194 1035 5258 Γαδαρέων
1045 5194 1053 5255 (
1063 5195 1169 5258 Σαρδίων
1178 5191 1249 5240 codd.
1259 5191 1267 5251 J
1278 5191 1394 5240 διαπλέων
1402 5190 1433 5238 τὰ
1446 5189 1511 5252 παρὰ
1521 5193 1562 5247 τῆς
1571 5189 1649 5251 ἐτέρας
1662 5189 1695 5244 τίς
1707 5188 1748 5246 τὴν
1759 5183 1843 5247 &Am
1851 5193 1886 5227 Μ
1951 5210 1952 5213 ’

292 5257 408 5322 ὀφθαλμὸν
417 5259 536 5321 λαμοάνει.
548 5260 610 5311 Nihil
627 5261 663 5311 his
674 5261 735 5311 inest
745 5276 789 5312 cur
804 5265 898 5315 cetuen
910 5263 1018 5313 nonnulli
1030 5267 1164 5326 pinanti
1177 5261 1315 5325 t’ataphato
1326 5262 1357 5310 att
1370 5261 1458 5312 (ratim
1469 5259 1616 5311 Gadiunum
1628 5259 1692 5322 poni.
