3950 5925
634 440 685 498 DE
708 436 1009 499 AGATllAllClllDE
1028 434 1171 495 cNtnto.
1627 452 1700 493 assi

128 598 194 633 ror.
210 575 252 631 lle
269 571 406 629 orientali
419 591 472 628 ora
483 570 565 628 sinus
575 570 693 627 Arabici
704 590 740 627 ex
756 570 875 627 Artemi·
919 586 970 641 pes
982 579 1009 624 et
1023 566 1162 633 Clrateni,
1173 564 1255 621 sinus
1267 562 1435 633 Gerraicus,
1444 564 1586 641 oppidum
1596 566 1700 637 Ger-ru,

85 672 159 729 «loro
180 668 299 738 Strabo,
322 668 349 723 si
364 666 541 743 paucissima
561 665 691 741 quaedum
705 665 873 743 exceperis,
919 663 1000 737 regio
1013 663 1126 730 Attene,
1142 659 1234 735 Tylos
1251 659 1347 717 insula
1364 658 1416 734 (b.
1438 661 1543 715 Somak
1562 661 1626 719 sivc
1648 668 1703 719 Ba.

86 768 162 825 nihil
177 766 263 823 affert
286 776 392 842 praeter
416 781 451 819 ea
467 780 531 839 quc
549 762 666 839 pleuim
679 780 716 819 ea
736 762 875 835 Agathar·
919 758 1010 834 reihe)
1024 755 1147 832 etjam
1157 774 1222 813 eam
1236 754 1460 831 minoraliaib.
1475 758 1591 833 Amet),
1608 760 1704 817 Asclie

86 862 173 918 cbide
188 872 310 918 narrant
326 857 451 915 Pbotius
472 869 501 913 et
521 856 676 913 Diodorus.
691 855 876 934 oppidorum
921 851 1017 909 insula
1038 849 1126 929 (bod.
1148 850 1295 923 Allielie),
1321 862 1421 924 gentes
1441 848 1578 921 Nocbeti,
1600 852 1704 913 Zuraci

86 958 284 1033 vicorumque
296 954 427 1025 nomina,
438 972 502 1029 quae
513 954 544 1010 iu
553 952 669 1030 mappis
679 953 786 1011 nostris
797 950 877 1009 exhi·
920 950 929 1025 (
942 946 1047 1007 Zeritae
1060 946 1137 1005 Ptol.
1148 947 1170 1021 l,
1190 945 1318 1003 Catari-ei
1333 958 1342 1019 t
1355 943 1406 1003 ubi
1416 944 1534 1025 Kienpa
1547 968 1616 1025 opp.
1630 949 1704 1007 Pto-

86 1056 150 1111 beri
168 1053 283 1127 solent,
306 1062 416 1108 tantum
436 1068 496 1106 non
507 1049 607 1107 omnia
625 1046 768 1106 debeutm
781 1048 877 1105 Ptole·
921 1043 1015 1101 temet
1026 1042 1049 1117 l,
1063 1040 1215 1109 Nomades,
1229 1040 1337 1098 flumen
1350 1039 1449 1116 Cynos
1462 1042 1500 1117 (i.
1517 1060 1543 1101 e.
1561 1042 1645 1109 Κυνὸς
1656 1066 1704 1103 πο·

86 1166 181 1219 maso3
198 1164 292 1205 unum
303 1145 464 1203 alterumve
475 1144 585 1223 aceedit
598 1162 634 1201 cx
649 1144 688 1201 iis
703 1162 769 1221 quar
779 1142 816 1200 de
830 1162 876 1201 ex·
920 1135 1017 1212 rapte,
1030 1141 1101 1209 Lar,
1115 1138 1136 1193 i.
1151 1155 1177 1192 e.
1193 1141 1274 1191 caris
1292 1134 1421 1209 arabice,
1432 1154 1479 1213 ap.
1496 1136 1702 1209 Ptolemaeum

86 1244 242 1322 peditione
252 1242 320 1301 AElii
335 1240 414 1300 Galli
428 1240 532 1299 Strabo
548 1239 679 1319 prodidit
689 1238 735 1319 Γ)
750 1240 877 1309 Plinius,
921 1232 957 1291 ad
978 1231 1153 1290 hodiernum
1175 1231 1306 1301 Charelp'a
1325 1230 1400 1301 sire,
1415 1244 1448 1287 ut
1458 1230 1572 1289 Forster
1584 1234 1700 1305 scribit,

87 1359 180 1415 quum
195 1338 234 1395 de
258 1335 367 1395 Arabia
388 1335 587 1413 plenissimam
608 1336 738 1393 locorum
757 1334 878 1409 farragi-
921 1324 1611 1404 Smt'et'lstllssfflssfflstllbssddllpllssims
1629 1338 1702 1404 ¹492

88 1452 155 1491 nem
168 1432 291 1507 habeat,
306 1444 412 1489 nostrae
426 1444 521 1488 tamen
532 1450 590 1488 orae
604 1430 814 1488 accuratiorem
832 1428 880 1486 dc·
925 1426 1009 1483 Ultra
1022 1429 1228 1498 navigationem
1238 1427 1435 1497 incompertam
1450 1425 1487 1479 at
1496 1443 1530 1479 eo
1543 1427 1631 1481 lettere
1639 1446 1701 1499 pro·

86 1528 283 1605 scriptionem
291 1546 351 1583 non
358 1526 518 1583 instituisse
526 1524 619 1583 rideri
629 1524 733 1602 possit.
740 1522 845 1581 Verum
852 1524 881 1581 si
920 1520 1123 1595 pterroopulos
1141 1518 1232 1573 tradit
1246 1515 1341 1585 tata,
1357 1524 1551 1591 pretermissa
1567 1526 1706 1576 mentione

87 1624 189 1703 paullo
206 1624 349 1681 attentius
358 1623 533 1679 collectanea
542 1620 678 1679 Pliniana
688 1621 878 1678 examinare·
922 1619 1022 1691 oppidi
1042 1618 1213 1672 Omanorum
1234 1616 1403 1669 Batrnsaves
1421 1628 1452 1671 et
1476 1618 1610 1684 Omnnoe,
1633 1622 1709 1691 quod

88 1720 137 1789 ris,
151 1715 348 1795 moxpatebit
366 1714 505 1791 nrajorem
517 1727 629 1792 partem
639 1732 755 1786 eorum,
767 1713 880 1790 quaede
920 1717 1028 1785 priores
1049 1711 1184 1767 celebrem
1198 1722 1313 1783 portum
1328 1710 1493 1765 Carmaniae
1505 1708 1621 1781 secere5
1640 1717 1707 1770 item

88 1814 177 1869 litore
205 1812 294 1870 sinus
315 1810 425 1867 Persici
460 1810 574 1867 narrari
600 1808 750 1879 ridentur,
779 1826 881 1885 reapse
924 1810 1365 1879 Honrrroeetdttorrae,quiermrc
1373 1806 1480 1879 oppida
1491 1810 1707 1863 maaamecele·

87 1908 238 1984 pertinere
257 1905 296 1963 ad
311 1922 393 1963 oram
413 1904 496 1963 sinus
508 1902 637 1964 Arabici.
659 1902 763 1961 Obiter
782 1902 820 1961 de
833 1902 880 1962 his
924 1905 1002 1958 brari
1013 1923 1033 1957 a
1044 1904 1155 1958 Persico
1164 1907 1239 1957 mari
1250 1906 1337 1957 nurci
1349 1906 1526 1974 navigatores
1537 1902 1655 1976 dicunt(
1662 1901 1707 1959 (ll.

88 2001 191 2058 monui
209 2002 243 2057 in
270 2002 459 2059 annotatione
469 2020 583 2077 p.177;
609 2019 687 2057 nuuc
716 1998 815 2075 paullo
836 1998 881 2055 di·
924 1994 1324 2071 Mannart.l¹l,r,p.1tr).

90 2096 231 2154 stirnctius
246 2114 310 2153 rem
326 2114 489 2172 exponam,
503 2113 568 2170 quae
588 2092 661 2167 fugit
677 2094 764 2150 etiam
774 2112 880 2169 nupao
968 2094 1034 2148 103.
1049 2088 1163 2148 Deinde
1175 2107 1246 2145 vero
1257 2088 1299 2145 ita
1309 2088 1423 2166 pergit:
1439 2090 1589 2161 Astomine
1601 2091 1702 2156 Canis,

94 2196 202 2248 rirnarrn
219 2191 257 2248 de
280 2190 389 2249 Arabia
411 2190 595 2267 scriptorem,
613 2187 750 2245 Carnium
768 2186 881 2245 Forste·
925 2188 1054 2253 etlubo,
1075 2203 1154 2241 mons
1167 2186 1266 2240 adusto
1277 2186 1392 2241 similis.
1410 2185 1510 2239 Gentes
1525 2188 1709 2259 Epimarani-

89 2306 152 2342 rnm
170 2288 179 2361 (
198 2286 260 2341 rte
274 2286 422 2343 historicnl
439 2284 607 2359 Geograplty
624 2280 663 2341 of
672 2284 778 2338 Arabia
791 2302 824 2337 or
837 2284 883 2338 tlte
927 2294 973 2348 tre,
990 2299 1058 2335 moa
1079 2278 1297 2352 lohtlrroplraffi,
1315 2280 1407 2332 imula
1426 2280 1545 2345 decena,
1566 2300 1636 2355 gens
1655 2284 1711 2337 Ba·

87 2383 275 2456 paviantur
285 2384 428 2437 eridences
440 2378 610 2453 ofrerealecl
624 2381 756 2454 religion.
773 2382 813 2433 ln
829 2390 884 2433 tun
927 2378 1017 2450 tltymi
1023 2398 1035 2443 ,·
1060 2377 1178 2432 Eblitsei
1197 2386 1316 2442 montes,
1336 2376 1429 2429 insula
1453 2376 1596 2443 Omoenn,
1612 2390 1710 2450 portu

89 2481 230 2533 volume«.
241 2478 361 2531 Londtm
372 2474 445 2542 1844
458 2478 478 2549 l.
927 2472 1098 2538 Mochorde3
1113 2473 1216 2528 incute
1224 2472 1371 2537 Etaxalos,
1383 2470 1562 2539 totone,-
1573 2490 1645 2545 gens
1653 2474 1711 2529 Ca·

131 2588 203 2629 rna.
213 2568 608 2645 EtenimPliaiuspostqnam
617 2568 797 2643 generaliora
805 2586 882 2643 quae·
926 2570 993 2625 doei.
1010 2570 1120 2623 Insatae
1131 2574 1192 2623 sine
1210 2568 1368 2623 nonrinibm
1379 2568 1490 2633 mula,
1510 2568 1632 2622 celebres
1644 2586 1712 2623 atero

89 2665 156 2721 daur
172 2664 337 2741 praemisit,
364 2662 400 2721 ad
416 2682 478 2720 orac
500 2664 631 2719 Arabicae
656 2662 882 2739 descriptionem
927 2668 1022 2729 Isson,
1047 2661 1178 2719 illitam
1196 2674 1227 2717 et
1237 2666 1421 2735 prommain
1436 2679 1493 2733 qua
1514 2666 1626 2735 scriptia
1648 2674 1714 2719 sart

90 2778 152 2816 sese
179 2770 360 2815 convertens
377 2757 495 2815 initium
516 2759 604 2814 sumit
626 2756 663 2815 ab
682 2744 796 2817 intumo
816 2756 884 2813 sinu
926 2762 1008 2815 steloe
1036 2760 1159 2834 lapideo
1179 2760 1280 2816 litteris
1297 2762 1458 2833 inrogatum
1482 2758 1586 2813 Coloea
1602 2772 1705 2831 portes,

92 2854 228 2926 Persico,
255 2852 312 2913 ubi
330 2872 348 2909 a
360 2853 490 2911 Cbarace
509 2853 622 2930 oppido
634 2873 714 2911 oram
737 2853 883 2911 Antiocho
927 2858 1036 2929 Brngoe
1052 2858 1153 2911 iruuloe
1168 2857 1296 2922 throne,
1312 2872 1383 2927 gens
1397 2851 1555 2922 rtatim,
1577 2852 1712 2909 Dolone·

92 2948 243 3027 Fpiplraui
257 2948 385 3026 primum
393 2947 568 3026 exquisitam
580 2948 652 3007 dicit
663 2950 673 3025 l
683 2946 733 3020 Vl,
747 2950 813 3025 ias
829 2956 882 3020 147
928 2959 1006 3028 geris
1015 2957 1100 3028 regio,
1125 2971 1203 3010 motu
1218 2953 1291 3008 Orsa
1302 2969 1365 3008 curt
1384 2963 1475 3026 porat,
1495 2956 1574 3006 riuus
1584 2951 1706 3018 Bactris,

91 3047 138 3106 ed.
148 3046 275 3122 sitite).
285 3045 481 3104 liecenseutur
490 3045 597 3103 flumen
609 3046 735 3115 Salsum,
749 3065 885 3122 promon-
929 3052 1030 3104 msuloe
1036 3051 1143 3116 mnttae,
1152 3067 1231 3103 mons
1244 3047 1445 3122 nyconptus,
1453 3053 1530 3122 regio
1541 3048 1705 3113 Cardaleon,

93 3143 203 3200 lorium
222 3141 376 3200 Chaldone
388 3139 591 3218 inmotam),
605 3141 712 3198 flumen
722 3140 884 3211 Achenum,
929 3146 1032 3199 insaloe
1048 3145 1216 3212 Solmdes,
1233 3141 1390 3222 Caelium
1403 3148 1468 3198 item
1481 3143 1715 3216 Ichthyophago-

95 3235 203 3294 lcbara
227 3236 327 3294 insula
340 3235 429 3313 (bod.
455 3240 580 3309 &canet
600 3239 783 3312 Abos-Alii,
803 3240 886 3296 sinus
930 3241 1084 3296 enimvero
1094 3239 1186 3303 Clari,
1202 3239 1267 3290 teus
1280 3239 1443 3302 Mamaeam,
1458 3239 1575 3292 uliam
1584 3240 1711 3305 nictatio,

96 3330 235 3411 (lapeusl
250 3331 287 3389 ad
299 3331 369 3391 bod.
382 3336 413 3390 el
417 3331 519 3410 Italis)
532 3332 654 3410 ejusque
664 3333 769 3392 accolas
781 3333 884 3391 Gaulo
930 3341 1009 3412 regio
1029 3335 1173 3400 Canauna,
1198 3345 1295 3406 gentes
1315 3337 1444 3407 Apitami
1449 3374 1458 3404 ,
1483 3335 1596 3402 Casani,
1619 3337 1714 3390 imula

123 3533 155 3590 (Ἴ
167 3535 196 3580 ia
208 3531 250 3580 lais
261 3531 311 3581 dno
320 3543 369 3581 nra
378 3531 432 3582 luna
443 3535 617 3592 memorantur,
630 3535 709 3582 Lcum
720 3545 798 3593 rome,
810 3533 833 3582 in
847 3545 920 3595 quem
930 3533 1023 3596 appulit
1033 3533 1117 3581 classis
1128 3535 1302 3594 Romanorum,
1315 3537 1340 3580 et
1352 3535 1414 3594 Egra
1430 3533 1532 3596 (Ἑγρά),
1547 3547 1561 3581 a
1574 3549 1624 3598 qna
1637 3539 1713 3587 unde·

93 3602 138 3649 om
150 3602 247 3650 dierum
255 3602 341 3652 itinere
352 3603 532 3664 ttyosbormum
543 3603 613 3652 rediit
622 3606 630 3662 t
639 3604 725 3654 Strabo
739 3617 762 3666 p.
776 3609 820 3653 tat
828 3605 846 3664 ).
861 3607 896 3652 tta
912 3604 959 3653 situ
977 3607 1066 3653 untes
1077 3615 1158 3652 comes
1171 3615 1230 3652 eum
1240 3603 1298 3652 troi.
1316 3607 1429 3654 Honora
1445 3617 1490 3654 sen
1513 3607 1568 3653 Dor
1578 3605 1605 3654 al
1618 3607 1717 3658 actrtta

92 3671 263 3733 componenda
273 3671 332 3720 satis
341 3685 405 3721 nune
416 3673 530 3722 contenit
542 3673 603 3722 iuter
614 3674 680 3722 viros
692 3673 783 3722 doctos.
798 3676 829 3722 V.
842 3678 893 3724 not.
906 3675 937 3724 ad
949 3680 1026 3726 Anon.
1040 3674 1124 3738 peript.
1143 3686 1203 3723 mar.
1218 3669 1316 3736 Errttrr.
1329 3688 1354 3736 p.
1374 3681 1429 3734 272,
1441 3675 1483 3724 ubi
1497 3674 1559 3724 adds
1575 3680 1715 3730 Forsternm

97 3741 147 3788 Tite
157 3741 302 3791 tristor-icat
313 3754 397 3803 aanor.
411 3741 444 3803 of
452 3745 549 3792 trotio
562 3747 580 3791 t.
595 3747 626 3801 tt,
638 3755 663 3804 p.
675 3748 728 3793 tta.
740 3745 852 3794 cetemm
865 3757 951 3804 parum
963 3745 1044 3792 tarent
1053 3742 1110 3790 truie
1121 3744 1245 3791 sententie
1255 3743 1329 3791 rerba
1338 3751 1415 3794 anon.
1426 3745 1443 3792 l.
1457 3745 1472 3793 t.
1485 3763 1491 3792 ι
1503 3745 1530 3793 ἐκ
1538 3746 1564 3794 δὲ
1573 3755 1620 3796 τῶν
1628 3745 1717 3803 ἐὐωνύ-

93 3828 143 3870 μων
156 3813 283 3871 Βερενίκης
295 3813 342 3860 ἀπὸ
356 3813 498 3876 Μυοσόρμου
512 3813 564 3862 δυσὶ
576 3813 669 3876 δρόμοις
679 3815 694 3871 ἢ
707 3815 780 3874 τρισὶν
791 3815 824 3867 εἰς
832 3814 878 3869 arist
886 3815 1001 3872 ἀνατολὴν
1007 3814 1171 3862 &achinom
1182 3813 1403 3876 τὸνπαρωίμενον
1413 3817 1501 3864 silani
1512 3817 1582 3878 ὅρμος
1592 3820 1642 3869 teti
1655 3827 1717 3874 tw.

94 3883 123 3936 ιή
136 3883 209 3941 κώμη
223 3883 288 3942 set-5
302 3883 380 3942 maior
392 3882 457 3932 enim
470 3883 587 3933 distantia
594 3888 632 3932 est
642 3896 720 3945 quam
731 3887 758 3930 ut
769 3881 836 3932 bidui
853 3885 890 3934 rei
902 3885 976 3934 trilui
988 3899 1060 3934 cursu
1072 3899 1103 3934 ex
1117 3885 1210 3946 rotgeri
1220 3885 1378 3951 navigationis
1388 3887 1463 3934 modo
1475 3887 1561 3936 conici
1574 3891 1658 3948 posit
1669 3892 1717 3940 sert

94 3955 238 4012 corruptum
250 3951 341 4012 aliquid
359 3965 412 4000 esse
426 3952 539 4014 suspirari
557 3953 612 4001 licet
622 3967 658 4001 es·
668 3953 808 4003 inconcinna
825 3955 915 4003 ratione
931 3955 1068 4005 rerbomm.
1090 3956 1207 4006 Fortassis
1225 3954 1369 4016 legendnm:
1385 3957 1413 4005 la
1426 3957 1450 4004 il
1466 3962 1512 4005 τῶν
1526 3959 1652 4021 εὐωνύμων
1670 3961 1718 4011 ἀπὸ

95 4024 218 4084 Βερενίκης
229 4024 285 4072 tuot
296 4023 389 4086 δρόμοις
403 4025 462 4085 etc,
473 4025 549 4087 ejecto
558 4025 678 4073 vocabulo
691 4025 757 4080 Μυὸς
769 4025 852 4088 ὅρμου,
868 4025 934 4087 quod
946 4039 975 4075 ex
988 4027 1067 4088 glossa
1081 4025 1175 4074 illatum
1192 4023 1297 4073 ridetur.
1315 4029 1335 4074 a
1347 4027 1459 4074 Berenice
1472 4026 1492 4074 sl
1505 4027 1669 4088 proficiscaris,
1679 4031 1717 4079 di-

94 4095 183 4140 stautra
193 4091 257 4142 bene
268 4093 350 4142 tabet
371 4095 444 4145 aliter
453 4097 578 4146 roseros
594 4095 608 4144 l.
628 4093 643 4142 l.
661 4097 687 4144 is
701 4096 767 4143 enim
783 4100 852 4156 putat
867 4101 1021 4158 anonymum
1034 4093 1065 4144 ad
1079 4095 1160 4156 ipsum
1177 4097 1270 4144 Lenem
1284 4107 1371 4143 cornea
1387 4107 1436 4143 noa
1447 4095 1567 4156 accedere,
1579 4098 1621 4146 scd
1634 4099 1719 4150 indes

96 4162 255 4222 ltyosbormo
265 4175 343 4226 usque
356 4163 387 4214 ad
396 4165 535 4214 salicorum
546 4171 634 4214 terram
648 4166 671 4212 io
684 4165 767 4214 niedio
774 4169 836 4216 sins
848 4167 969 4228 navigare,
981 4165 1042 4215 adeo
1049 4164 1148 4215 utdinat
1157 4169 1213 4226 post
1220 4164 1287 4212 bidui
1299 4166 1337 4214 rel
1348 4164 1421 4215 tridui
1430 4179 1527 4216 cursnm
1539 4167 1564 4215 in
1579 4180 1633 4216 cam
1644 4172 1718 4222 matii

96 4231 165 4279 sinus
178 4233 274 4281 Arabici
291 4237 383 4296 partem
400 4235 530 4296 perveniri,
540 4236 579 4284 cui
592 4235 615 4283 iu
633 4235 726 4284 Arabim
738 4249 779 4284 ora
793 4237 886 4297 objecta
905 4237 936 4286 sit
949 4237 1026 4284 Lcnoe
1043 4247 1122 4284 come.
1140 4233 1231 4282 Nititur
1248 4234 1301 4282 bac
1317 4235 1482 4298 interpretatio
1496 4237 1578 4285 verbis
1592 4241 1632 4287 τὸν
1646 4243 1718 4302 μέσον

100 4304 168 4350 atoni
179 4303 338 4366 κατέχῳενς
351 4311 381 4353 20
393 4319 417 4368 p.
435 4309 489 4364 att,
507 4307 548 4354 liu.
565 4312 602 4354 to.
619 4310 772 4368 eramquam
789 4307 938 4356 mitetmtor
950 4309 996 4363 cst,
1007 4307 1131 4354 oneraret
1143 4305 1195 4352 reri
1206 4305 1293 4364 κριοῖο.
1306 4335 1338 4345 -
1347 4309 1384 4355 De
1392 4306 1477 4368 Ἑγρᾶς
1493 4308 1575 4367 κώμης
1586 4309 1634 4357 siin
1647 4324 1719 4360 neruo

97 4373 145 4421 iere
157 4374 251 4422 certius
259 4374 351 4436 aliquid
363 4387 501 4424 mssroram
511 4389 586 4426 anam
598 4381 642 4426 est
654 4377 755 4426 Ditulase
765 4377 863 4427 undem
874 4376 1039 4426 dubitationes
1051 4375 1098 4424 sibi
1106 4373 1202 4424 tidelm
1209 4377 1335 4424 liorem
1344 4375 1361 4423 t.
1376 4375 1393 4424 l.
1407 4391 1432 4438 ρ.
1445 4382 1500 4427 att.
1515 4378 1602 4426 Vicum
1613 4380 1718 4430 errsdna

97 4457 151 4492 esse
160 4445 194 4492 ait
206 4457 264 4493 cum
276 4445 370 4496 tanto
380 4447 516 4509 ptolomei,
533 4459 588 4497 uam
607 4447 698 4498 rosto
710 4461 794 4498 rocem
804 4444 1066 4506 arabicamsignitieare
1078 4446 1267 4504 scaturientem
1281 4445 1418 4505 etsontcm
1432 4459 1524 4510 aqum
1538 4451 1561 4496 et
1577 4461 1659 4498 revera
1671 4465 1718 4501 ma

97 4517 168 4576 longe
185 4514 218 4562 ab
237 4513 353 4564 hodierna
367 4515 455 4565 lamio
475 4515 535 4564 urbe
548 4526 600 4564 esse
617 4523 700 4579 puteos
711 4529 784 4578 squar
802 4515 880 4566 dulcis
900 4520 925 4564 et
936 4515 1053 4564 cisternas
1074 4513 1187 4577 pturmis
1200 4526 1272 4576 aquas
1290 4515 1418 4577 perbone,
1436 4516 1538 4567 domate
1554 4519 1719 4570 Birrcitsardio

100 4586 108 4642 t
122 4584 230 4634 naneti
240 4588 270 4634 ia
284 4585 364 4635 Aret.
382 4587 415 4644 rt,
424 4599 449 4648 p.
468 4590 514 4635 trs
525 4586 549 4646 );
565 4585 614 4636 bor
624 4599 711 4635 nomen
724 4587 748 4636 in
758 4599 828 4635 suam
838 4587 943 4647 tinguant
950 4587 1223 4641 namnrmtescrnms
1235 4585 1316 4634 locum
1327 4597 1426 4635 romae
1440 4589 1531 4648 Πιρανς
1541 4599 1597 4636 uam
1612 4593 1676 4653 νερὸν
1685 4593 1719 4640 si·

98 4653 213 4713 gaitimre
224 4667 333 4718 nquam
348 4659 419 4705 atne
433 4655 512 4705 dcam
528 4659 594 4720 νιρὸν
609 4656 752 4706 rombutnru
765 4657 883 4718 sequioris
902 4655 1032 4716 neonus
1046 4667 1114 4714 essa,
1135 4653 1201 4717 apttd
1214 4655 1357 4710 sumerent
1373 4669 1397 4717 μ.
1406 4661 1454 4706 tta
1466 4656 1561 4706 sotios
1578 4660 1665 4720 optimi
1679 4661 1720 4711 tra·

100 4723 156 4771 beat
167 4725 238 4786 μέχρι
252 4723 280 4773 Ἐ
289 4729 358 4788 spic
369 4727 463 4788 κώμης,
472 4726 535 4788 qnod
558 4727 581 4776 in
595 4727 691 4776 duobus
707 4727 766 4776 abiit
778 4727 806 4775 in
816 4727 914 4788 Ὗγρᾶς,
933 4726 957 4774 in
975 4725 1052 4775 tribus
1065 4723 1090 4772 in
1100 4727 1200 4786 Νεγρᾶς,
1214 4729 1238 4775 et
1249 4726 1314 4785 bine,
1329 4729 1357 4774 ut
1368 4725 1473 4788 ridetur,
1491 4734 1574 4778 ortum
1586 4736 1622 4778 cst
1638 4733 1721 4792 δερᾰς,

99 4793 164 4852 qood
182 4795 207 4841 in
219 4793 307 4843 Atdina
326 4794 420 4856 legitor.
434 4796 507 4859 Ἐγρὰ
524 4809 611 4846 nomen
626 4797 698 4846 ettam
711 4797 766 4846 alibi
786 4797 895 4846 obvium.
907 4797 947 4845 ste
964 4797 1102 4860 steptiaous
1115 4815 1121 4844 ι
1133 4795 1210 4857 'Erpa
1225 4793 1287 4856 (sic),
1298 4794 1364 4851 πόλις
1376 4794 1480 4858 Ἀραδίοις
1489 4799 1545 4860 πρὸς
1558 4801 1592 4859 τῷ
1606 4801 1720 4862 Αῑλανίτῳ

99 4862 189 4926 alirn.
203 4865 311 4915 Eandem
327 4868 352 4915 in
361 4867 541 4918 werras
550 4869 609 4916 loeis
618 4872 736 4916 memorat
747 4869 890 4918 Ptoletnans
904 4869 948 4928 vt,
964 4871 988 4927 7,
1002 4879 1025 4928 p.
1040 4867 1152 4927 tortio·
1161 4871 1199 4914 30'
1214 4865 1268 4925 long
1280 4899 1287 4923 ‚
1299 4867 1340 4914 tt·
1351 4864 1392 4915 lat.
1407 4867 1426 4925 ),
1439 4865 1480 4914 abi
1493 4867 1587 4916 colicas
1602 4864 1722 4919 Auctnant

100 4935 160 4982 inter
174 4936 266 4998 Ἐγρά,
278 4936 377 5000 Ἐγράν,
388 4939 489 5002 Nescis,
500 4951 545 4988 nae
556 4952 605 4988 uon
614 4941 702 5000 Gener.
716 4941 775 4990 liar.
790 4941 822 4998 rt,
831 4946 855 4997 t,
869 4937 911 4987 ubl
922 4939 1008 5000 legitur
1020 4942 1128 5000 Beroia.
1144 4937 1181 4987 ab
1196 4939 1243 4986 troc
1253 4936 1453 4998 inunguendum
1464 4940 1635 5001 cstoipidunr,
1649 4943 1721 5002 cuins

99 5005 234 5068 stiplranus
246 5009 357 5058 meminit
365 5010 390 5058 in
402 5011 466 5060 hisce
477 5029 483 5060 r
496 5011 620 5074 'talipiaco
630 5010 699 5072 (bod.
713 5009 845 5071 amira),
856 5011 921 5065 πόλις
931 5009 1036 5072 aptio:
1045 5009 1144 5066 πλησίον
1156 5013 1196 5066 τῆς
1208 5006 1302 5069 'Etrus
1315 5011 1374 5057 tice
1386 5011 1476 5070 Egrasi
1491 5010 1640 5058 straminum
1649 5012 1721 5072 oppi-

100 5077 156 5123 dum
166 5079 227 5136 erat,
242 5091 257 5126 a
269 5079 431 5130 Straboniano
446 5081 499 5130 rico
509 5086 533 5130 et
545 5085 615 5142 portu
628 5093 675 5128 non
694 5081 764 5129 luerit
773 5079 881 5140 diversa,
894 5079 1027 5142 eadrernqne
1038 5091 1053 5126 a
1066 5079 1207 5139 Geograpbo
1215 5079 1275 5129 Rar.
1288 5076 1303 5126 Ι.
1318 5077 1335 5127 l.
1350 5081 1436 5141 It'eprn
1445 5079 1526 5127 vocari
1539 5077 1643 5129 ridetur.
1661 5081 1722 5130 iiiuc

100 5148 158 5194 situs
171 5146 223 5205 eius
232 5148 324 5199 certim
335 5151 436 5212 nomem
447 5151 562 5200 mustitni
576 5152 659 5213 nequit
665 5169 673 5214 ;
686 5154 791 5200 attamen
801 5165 877 5214 quum
888 5151 981 5202 iambo
993 5155 1076 5212 porttrs
1087 5149 1212 5211 proximas
1227 5149 1259 5197 ait
1275 5147 1398 5208 tiamne,
1411 5151 1484 5210 atque
1499 5150 1523 5197 tn
1537 5149 1720 5200 alamannam

100 5217 129 5264 de
139 5213 194 5263 AElii
208 5217 273 5268 Galli
287 5219 444 5281 expeditione
458 5221 581 5270 tristoriaur
600 5221 660 5271 bene
673 5221 750 5281 radat,
773 5220 823 5284 ipse
835 5235 932 5285 quotue
944 5221 1080 5286 listarcrirn
1094 5233 1167 5282 prore
1179 5219 1235 5271 troil.
1248 5221 1341 5272 lambo
1351 5221 1427 5272 snum
1442 5221 1515 5272 tubae
1530 5223 1616 5285 marn
1629 5223 1721 5280 sicum,

100 5281 136 5328 tt.
146 5287 270 5344 qumintra
282 5287 313 5338 de
326 5290 443 5340 t’linianis
457 5292 535 5341 verbis
548 5291 726 5354 Dntuneporis
735 5293 805 5353 renio
816 5295 906 5341 monui.
