3950 5925
248 396 303 450 ιω
683 443 695 461 ,
858 384 907 443 ex
930 385 1237 445 acarnancntne
1795 390 1856 470 (ειη

166 536 237 587 ΡΙιοι,
285 540 322 581 7⁴.
339 519 374 580 Ὁ
388 518 415 579 δὲ
435 518 606 599 κυνοκέφαλος
618 518 648 575 τὸ
660 516 707 593 μὲν
718 521 796 593 σῶμα
814 518 951 598 ἀνθρώπου
965 520 1028 576 δυσ-
1106 530 1149 595 7η.
1165 528 1197 578 In
1207 527 1390 597 Cynocephalo
1405 527 1519 580 hominis
1539 546 1645 601 corpus,
1661 532 1746 601 specie
1763 542 1855 604 turpis,

245 612 326 677 “305⁴
345 608 505 689 lmlplll‘lr
524 608 555 665 τὸ
572 608 713 687 “imm
736 605 763 666 δὲ
783 608 872 674 κυνός·
891 608 978 687 φωνὴν
1001 606 1028 665 δὲ
1069 625 1256 693 adumbratur;
1271 630 1362 680 canina
1375 630 1398 681 ci
1414 628 1491 681 facies
1497 669 1505 695 ,
1518 648 1608 682 vocem
1621 634 1857 687 mussitationinon

246 697 338 779 ἀφίησι
357 699 453 774 μυγμῷ
468 694 674 775 παραπλησίαν·
692 694 781 774 άγριον
795 695 823 753 δὲ
837 695 969 775 ὖπερόολῇ
982 694 1028 753 καί

245 787 350 851 τελείαις
364 783 543 855 ἀτιθάσευτον,
552 782 598 840 καί
632 807 652 853 ,ν
662 781 723 862 όφιν
735 785 860 863 ἐμφαῖνον
870 781 924 841 ἀπό
938 806 965 840 τε
977 787 1028 841 τῶν

218 874 348 953 εόφρόων
366 872 412 931 καλ
432 874 484 930 τῶν
503 871 631 948 ὀμμάτων
652 870 796 951 αὐστηράν.
840 870 906 950 Περί
923 869 970 948 μὲν
985 870 1029 928 τόν

1070 728 1222 783 dissimilem
1232 732 1371 801 exprimit;
1385 731 1430 784 scd
1441 732 1582 785 immodice
1597 734 1682 786 lerum
1694 745 1732 787 est
1751 738 1857 803 animal,

1070 844 1119 878 uec
1139 826 1193 879 ullo
1210 826 1291 879 modo
1304 829 1447 895 cicuratur,
1465 829 1619 902 vultumque
1635 849 1651 884 a
1670 833 1814 903 superciliis
1828 846 1859 887 ct

245 960 342 1041 ἄρρενα
357 960 505 1038 ταῦτατῷ
517 957 544 1017 δὲ
556 957 630 1028 θήλει
644 956 797 1037 πρόσκειται
808 957 855 1016 καί
871 957 901 1016 τό
912 957 960 1028 τὴν
975 957 1031 1034 μή·
1070 923 1153 1032 mum·
1175 935 1308 1035 ³¹¹⁵oe¹l¹¹¹f
1335 924 1434 996 Pf⁰d¹¹·
1471 928 1512 978 1¹³
1533 944 1591 1035 ξω
1615 940 1782 999 ‘mni'aratus
1809 941 1857 983 ⁰⁵¹·

244 1044 1030 1127 19„ggwwpfflpmpopgf„xapopwgtmpmpv·
1071 1020 1206 1073 Foemmeo
1218 1038 1306 1090 generi
1324 1021 1375 1074 hoc
1395 1032 1434 1075 est
1449 1039 1598 1093 proprium,
1618 1035 1647 1078 ut
1665 1036 1770 1079 uterum
1784 1037 1857 1081 extra

230 1158 279 1194 ,w
293 1133 337 1194 τὸ,
354 1132 420 1212 βίον,
1071 1134 1167 1187 corpus
1180 1128 1275 1187 gestet,
1289 1136 1375 1189 eoque
1385 1119 1477 1173 habitu
1487 1130 1568 1172 totam
1580 1123 1667 1191 exigat
1678 1123 1769 1175 vitam.

283 1244 322 1283 7ο.
342 1221 376 1282 Ὁ
390 1220 417 1280 ὀί
431 1225 515 1294 κῆπος
524 1219 579 1299 ἔχει
593 1220 622 1279 τὸ
631 1219 678 1297 μίν
690 1219 830 1299 πρόσωπον
840 1220 926 1279 λέοντι
941 1243 1029 1299 παρα.
1107 1214 1151 1283 75.
1162 1215 1249 1285 Cepus
1260 1213 1324 1267 socie
1333 1215 1445 1280 leonem,
1462 1232 1573 1287 corpore
1584 1218 1749 1289 pantheram,
1764 1228 1790 1271 et
1803 1238 1857 1271 ma-

206 1334 232 1375 rn
245 1310 367 1385 πλαίσιον,
378 1310 408 1369 τό
422 1310 450 1368 dl
464 1312 541 1387 σῶμα
558 1309 686 1389 πάνθηρι,
697 1309 728 1367 εδ
741 1308 768 1368 δὲ
783 1308 889 1386 μέγεθος
907 1307 1029 1389 δορκάδι,
1072 1284 1210 1419 &1¹:32ss
1225 1283 1858 1429 ἐὲἑθέἒῗᾙᾞἱῗρῑῶφωλίἶῑιὲισρὶίρρφὺνρὲἰῐρρρ

246 1397 316 1457 nath
328 1396 377 1469 τὴν
388 1396 520 1455 multllm*
532 1395 577 1455 καί
591 1395 637 1467 “ll
652 1397 828 1475 fflwlll’lll‘l
844 1395 943 1456 λαθών·
1074 1423 1187 1478 inditum
1200 1424 1289 1478 habet.

286 1505 322 1546 tt.
331 1484 442 1544 Πάντων
453 1482 480 1542 δὲ
490 1487 542 1541 τῶν
550 1482 693 1563 εἰρημένων
700 1483 861 1563 ἀγριώτατον
868 1483 1032 1543 καίδυσκατ-
1109 1500 1153 1564 76.
1178 1496 1377 1566 Omniumque
1394 1494 1481 1549 adhuc
1500 1498 1704 1551 commemoravi
1728 1499 1858 1553 immanis

247 1571 438 1652 εργαστότατον
460 1571 491 1629 τθ
502 1572 553 1628 τῶν
571 1569 673 1650 ταύρων
685 1572 738 1628 τῶν
757 1570 931 1649 σαρκοφάγων
944 1572 1031 1647 γένος·
1073 1583 1170 1635 simum
1195 1594 1221 1637 et
1245 1584 1358 1637 maxime
1377 1584 1536 1637 indomitum
1556 1596 1595 1637 est
1618 1596 1756 1639 taurorum
1777 1606 1858 1655 gentas

247 1658 312 1736 θεῷ
326 1657 429 1735 μεγάθει
443 1655 490 1734 μίν
503 1656 616 1736 ίιπάρχει
628 1660 679 1714 τῶν
691 1655 797 1737 ἡμέρων
817 1656 964 1737 ἁδρότερον,
980 1656 1031 1715 τά·
1075 1668 1148 1739 quod
1163 1687 1253 1721 carnes
1271 1680 1355 1734 vorat,
1369 1669 1549 1739 magnitudino
1566 1673 1677 1725 crassius
1697 1672 1858 1735 domesticis,

208 1765 290 1826 νυχει
304 1744 332 1804 δὲ
346 1745 519 1825 ὑπερόάλλον,
537 1744 635 1827 πυρρδν
650 1743 678 1803 dl
695 1744 822 1812 ὀξαισίως.
866 1745 920 1804 llal
937 1745 967 1803 τδ
982 1746 1030 1821 μὲν
1075 1766 1101 1808 et
1114 1756 1267 1826 pernicitate
1278 1755 1444 1821 antecellens,
1458 1758 1594 1826 insigniter
1607 1758 1705 1811 rusum.
1744 1760 1814 1811 Osci
1827 1758 1860 1811 ad

248 1832 333 1910 στόμα
344 1832 424 1913 μίρρι
437 1836 488 1890 τῶν
501 1831 576 1890 ὤτων
589 1834 667 1890 αὐτοῦ
679 1831 827 1908 διέστηκεν,
837 1831 912 1908 όμμα
926 1832 954 1891 δὲ
966 1836 1030 1891 ὑπο·
1076 1858 1152 1893 auras
1163 1840 1407 1912 usquediductum;
1418 1842 1509 1895 oculus
1523 1843 1614 1912 glauco
1624 1843 1711 1896 colore
1725 1846 1806 1912 magis
1816 1846 1876 1896 ι·ιι-’

247 1919 333 2003 φαίνει
351 1919 525 2001 γλαυκότερον
543 1918 656 1987 λέοντος.
701 1918 744 1979 Ta
764 1919 792 1977 δὲ
806 1918 905 1999 κέρατα
926 1920 970 1978 τόν
984 1918 1032 1992 μὲν
1076 1928 1132 1981 tilat
1141 1944 1220 1998 quam
1232 1928 1312 1980 leoni.
1350 1929 1530 1982 Cornuaalias
1545 1948 1683 1983 nonsecus
1697 1942 1861 2002 atqueaures

247 2010 325 2068 ἄλλον
349 2010 442 2089 χρόνον
462 2018 515 2077 τοῖς
530 2008 580 2067 ὠσί
600 2007 795 2088 παραπλησίως
816 2012 898 2085 κινεῖ,
916 2008 991 2088 μάχη
1005 2007 1032 2067 δὲ
1076 2023 1174 2079 movet,
1190 2012 1273 2066 sedin
1284 2031 1381 2084 pugna,
1398 2025 1427 2068 ut
1437 2015 1515 2067 firmo
1524 2026 1615 2069 tenore
1624 2018 1777 2083 consistant,
1789 2017 1858 2070 lacit.

245 2097 380 2177 χρώμενον
394 2094 497 2168 ἵστησιν
521 2096 666 2177 ἀραρότως.
709 2094 767 2168 Τὴν
789 2095 812 2153 δ’
831 2095 972 2173 ἐπαγωγὴν
986 2101 1033 2167 τῆς
1076 2098 1151 2151 Ordo
1163 2099 1276 2171 pilorum
1287 2100 1405 2153 inversus
1417 2110 1597 2172 contraquam
1607 2102 1663 2155 aliis
1673 2102 1858 2157 animantibus.

209 2214 237 2252 η,
247 2184 335 2265 τριχός
349 2184 469 2244 ἐναντίαν
494 2178 551 2264 ἔχει
574 2184 627 2251 τοῖς
646 2182 744 2249 ἄλλοις.
787 2186 873 2243 Τοῦτο
894 2183 922 2242 δὲ
938 2185 990 2251 τοῖς
1004 2208 1032 2243 τε
1076 2186 1174 2239 Bestias
1184 2187 1261 2239 etiam
1273 2186 1443 2241 validissimas
1454 2188 1614 2259 aggreditur,
1627 2200 1760 2243 εἰσοίσετε
1771 2209 1862 2243 omncs

170 2370 241 2422 Diod,
288 2372 324 2412 7⁴.
337 2352 372 2411 0l
386 2350 408 2410 δ’
422 2349 608 2429 ὀνιιμθζιίμενθι
622 2348 794 2445 Χῑζθθκὲφᾰλῦῑ
807 2358 861 2419 roi<
880 2352 929 2427 μίν
940 2351 1034 2430 στόμα·
1109 2366 1153 2434 7η.
1174 2365 1227 2433 Qui
1245 2365 1413 2437 cynocephali
1431 2366 1465 2437 (a
1485 2366 1580 2419 canino
1599 2366 1706 2438 capite)
1725 2367 1861 2431 dicuntur,

250 2463 291 2498 σιν
304 2438 448 2519 όνθρόιποις
459 2438 587 2498 δυσειδέσι
599 2440 775 2519 παρεμφερεῖς
787 2440 851 2512 εἰσι,
866 2446 923 2505 ταῖς
937 2438 963 2497 δὲ
977 2462 1036 2521 φω-
1076 2452 1195 2521 corporis
1212 2450 1364 2522 adspecmm
1384 2452 1523 2505 hominum
1541 2451 1699 2504 deformium
1719 2454 1800 2505 instar
1817 2453 1862 2507 ha·

248 2527 304 2594 ναῖς
327 2525 445 2603 μυγμοὺς
466 2524 643 2605 ἀνθρωπίνους
661 2524 810 2604 προίενται·
834 2526 986 2605 ἀγριώτατα
1007 2527 1035 2587 δὲ
1077 2535 1150 2601 boot,
1170 2554 1285 2607 quorum
1305 2555 1396 2589 vocem
1411 2539 1592 2591 mussitatione
1608 2539 1770 2609 exprimunt.
1808 2543 1861 2609 Ap-

248 2618 334 2671 ταῦτα
356 2613 390 2671 τθι
415 2615 470 2692 ζῷα
496 2613 542 2670 καί
562 2613 697 2680 παντελῶς
709 2614 867 2673 ἀτιθάσευτα
880 2618 1036 2673 καθεστῶτα
1076 2623 1162 2693 primo
1171 2621 1245 2675 seror
1256 2634 1295 2675 est
1304 2623 1355 2676 hoc
1366 2623 1461 2679 animal
1472 2641 1521 2675 nec
1530 2623 1666 2694 ullopacto
1675 2624 1861 2677 cicurationem

208 2725 235 2767 τε
250 2700 298 2771 την
324 2698 377 2758 aab
400 2702 453 2758 τῶν
473 2697 576 2779 ὀφρύων
598 2699 724 2779 πρόσοψιν
746 2699 941 2781 αὐστηροτέραν
967 2701 1033 2779 ἔχει.
1076 2708 1202 2773 admittit,
1213 2719 1240 2761 et
1254 2709 1354 2762 vultum
1372 2709 1545 2781 asuperciliis
1562 2711 1733 2762 austeriorem
1747 2710 1860 2781 praelcrt.

248 2790 315 2853 Ταῖς
329 2786 356 2845 δὲ
373 2785 489 2857 θηλείαις
509 2785 646 2844 ἰδιώτατον
664 2785 805 2863 συμόαίνει
825 2788 856 2847 τὸ
869 2786 917 2860 τὴν
932 2787 1036 2869 μήτραν
1077 2793 1211 2863 singulare
1225 2794 1351 2865 quiddam
1371 2794 1478 2847 femellis
1487 2795 1592 2860 accidit,
1603 2794 1675 2866 quod
1689 2795 1791 2849 vulvam
1803 2814 1862 2867 per-

250 2873 323 2941 ἐκτδς
331 2879 377 2933 τοῦ
388 2872 509 2950 σώματος
518 2873 603 2954 φίρειν
614 2873 720 2933 ἅπαντα
733 2875 777 2933 τθν
789 2874 893 2956 χρόνον.
1076 2891 1157 2951 petuo
1166 2890 1239 2932 extre
1248 2898 1344 2951 corpus
1353 2879 1496 2951 projectam
1505 2880 1613 2933 habent.

289 2984 327 3024 tt.
340 2962 376 3023 ‘0
391 2962 418 3021 δὲ
432 2960 571 3040 λεγόμενος
589 2966 673 3033 κῆπος
686 2962 841 3040 ὠνόμασται
857 2964 905 3034 μὲν
926 2963 979 3023 άπὸ
989 2967 1036 3036 τῆς
1113 2972 1157 3040 75.
1171 2972 1257 3043 Cepus
1275 2973 1287 3040 (
1305 2971 1323 3024 i.
1347 2990 1371 3024 e.
1389 2971 1482 3024 hortus
1498 2975 1618 3043 )‚quem
1630 2981 1739 3037 vocant,
1756 2974 1863 3026 atotius

250 3050 311 3131 περὶ
325 3049 384 3109 ὅλον
394 3049 438 3108 τὸν
449 3049 527 3128 ὄγκον
542 3050 641 3130 ὡραίας
653 3049 699 3108 καί
712 3057 857 3131 προσηνοῦς
870 3051 991 3125 ἡλικίας,
1007 3051 1037 3110 τὸ

212 3140 278 3198 ουδὲ
291 3137 433 3218 πρόσωπον
443 3137 511 3217 ἔχων
524 3136 612 3214 ὅμοιον
624 3138 718 3213 λεόντι,
731 3137 762 3196 τὸ
773 3138 863 3198 λοιπὸν
874 3143 953 3216 σῶμα
964 3139 1036 3220 φέρει
1132 3195 1138 3207 ,
1283 3193 1289 3205 .
1321 3193 1327 3204 ,
1501 3193 1507 3206 ,
1726 3173 1728 3179 ·

249 3227 363 3304 πάνθηρι
373 3225 569 3305 παραπλήσιον,
584 3226 654 3298 πλὴν
669 3231 715 3287 τοῦ
729 3226 888 3304 μεγίθους,ό
903 3233 1035 3308 παρισοῦ.
1078 3195 1155 3247 Facie
1164 3193 1266 3246 leonem
1283 3202 1410 3258 imitatur,
1426 3202 1453 3245 et
1462 3189 1563 3264 reliquo
1573 3210 1684 3264 corpore
1697 3193 1862 3263 pantheram,

250 3313 424 3394 mpopxpp·
1077 3312 1171 3374 praeter
1180 3301 1398 3372 magnitudinem,
1411 3318 1463 3372 qua
1473 3300 1701 3373 dorcadipareat.

1077 3081 1196 3151 corporis
1216 3079 1311 3133 decore
1330 3089 1357 3132 et
1375 3090 1480 3134 staturae
1497 3092 1632 3136 venustate
1643 3099 1740 3134 nomeu
1754 3082 1861 3153 accepit.

289 3421 327 3461 tt.
345 3400 458 3460 Πάντων
477 3397 505 3460 δὲ
521 3403 573 3460 τῶν
587 3399 732 3480 είρημίνων
755 3399 828 3483 ζῴων
842 3405 856 3461 ό
871 3401 1036 3484 σαρκοφάγος
1114 3415 1158 3480 76.
1174 3412 1247 3463 Inter
1255 3407 1311 3478 jam
1329 3409 1456 3461 recensita
1469 3407 1591 3460 animalia
1608 3417 1699 3461 taurus
1712 3408 1864 3460 carnivorus

250 3491 343 3567 ταῦρος
356 3486 515 3568 δγριόιτατός
525 3490 580 3548 ἔστι
589 3488 636 3547 καί
646 3490 781 3558 παντελῶς
789 3489 1036 3569 δυσκαταμάχητος.
1078 3496 1180 3550 scritate
1197 3494 1309 3560 excellit,
1324 3495 1370 3565 qui
1391 3493 1497 3547 nullavi
1513 3493 1646 3547 domatur.
1685 3494 1804 3563 Corpore
1815 3493 1863 3543 clo·
1909 3485 1914 3494 '

213 3591 240 3631 :tt
249 3579 297 3655 Τῷ
311 3576 360 3653 μίν
370 3575 422 3656 γδρ
435 3576 506 3656 ὀγκιρ
519 3581 595 3634 τοῦτο
610 3575 696 3653 μεῖζόν
710 3578 766 3634 ἔστι
779 3579 831 3634 τῶν
850 3575 957 3655 ἡμίρων
971 3577 1035 3635 ταί·
1078 3583 1191 3636 mesticis
1210 3582 1291 3634 tauris
1304 3579 1388 3650 major
1398 3589 1447 3644 est,
1467 3579 1601 3633 velocitate
1612 3579 1686 3650 equis
1706 3597 1760 3632 non
1772 3597 1865 3630 concc-

252 3687 313 3744 ρων,
336 3663 440 3736 ὀξύτητι
454 3662 482 3722 δὲ
502 3665 590 3723 ποδῶν
605 3665 635 3722 οθ
649 3663 803 3741 λειπόμενον
815 3663 913 3738 ἵππου,
926 3663 1037 3742 rt'g'itrrtlu
1078 3669 1160 3734 (λιπες
1184 3687 1213 3722 os
1233 3669 1266 3722 ad
1286 3668 1376 3722 oculos
1396 3685 1479 3738 usque
1502 3666 1640 3720 diductum
1666 3665 1759 3730 habet;
1778 3665 1866 3717 colore

253 3774 318 3827 ματι
339 3750 366 3808 δὲ
388 3751 523 3822 διεστηκὸς
540 3751 603 3830 ἄχρι
617 3753 670 3808 τῶν
685 3751 824 3828 ὀμμάτων·
845 3751 876 3810 τό
889 3750 917 3810 δὲ
939 3755 1036 3832 χρῶμα
1078 3757 1215 3826 insigniter
1234 3755 1310 3820 rulo;
1336 3755 1406 3808 oculi
1424 3755 1535 3807 leoninis
1557 3755 1639 3823 magis
1656 3754 1724 3806 caesii
1741 3763 1766 3806 et
1785 3762 1865 3819 noctp

251 3838 348 3918 πυρρὸν
362 3838 418 3919 ἔχει
428 3843 487 3897 καθ’
497 3835 657 3918 θπερόαλὴν,
668 3838 712 3897 καί
724 3838 758 3896 τὰ
768 3837 815 3916 μὲν
830 3839 938 3917 ὀμματα
953 3841 1034 3916 γλαυ-
1080 3844 1248 3913 fulgurantes.
1287 3844 1393 3895 Cornua
1407 3841 1564 3913 peculiarem
1581 3841 1631 3893 sibi
1645 3850 1765 3892 naturam
1778 3837 1865 3890 sincli-

251 3927 346 4009 κότερα
372 3928 475 3996 λέοντος
497 3928 543 3987 καί
559 3925 607 3994 τίς
626 3927 719 3995 νύκτας
732 3929 933 4007 ἀστράπτοντα,
950 3928 983 3987 τὰ
1005 3927 1033 3987 δὲ
1078 3940 1148 3982 cant.
1188 3929 1257 3982 Alias
1280 3930 1351 3980 enim
1368 3946 1422 3981 non
1436 3927 1524 3980 minus
1540 3944 1619 3996 quam
1638 3943 1713 3978 aures
1725 3944 1755 3978 oa
1766 3934 1864 3988 movet,

209 4040 236 4079 to
250 4015 349 4096 κίρατα
367 4015 469 4096 φύσεως
487 4014 635 4095 ἰδιοτρόπου
655 4020 840 4074 κοινωνοῦντα·
851 4014 896 4075 τὸν
917 4014 965 4092 μὲν
979 4014 1031 4094 γὰρ
1079 4015 1124 4068 sed
1142 4033 1237 4087 pugnae
1251 4025 1369 4086 tempore
1386 4016 1494 4066 immota
1509 4023 1535 4065 et
1551 4011 1603 4064 suta
1619 4021 1699 4066 tenet.
1738 4011 1786 4064 Pili
1804 4029 1866 4062 con·

286 4219 362 4284 stt.
384 4219 424 4269 De
446 4215 629 4288 cynocephalis
647 4234 673 4269 ν.
687 4216 839 4270 Aristoteles
854 4217 889 4270 Η,
906 4221 938 4271 Δ.
954 4219 990 4281 11,
1006 4219 1036 4282 8;
1081 4216 1177 4284 Megari
1184 4217 1302 4288 priimam
1317 4213 1375 4268 ludi
1392 4213 1590 4267 ostenderunt...
1605 4231 1638 4265 τα
1649 4211 1788 4284 AEtht'opio
1801 4227 1867 4282 quos

251 4295 345 4349 AElian.
356 4296 390 4348 N.
405 4297 570 4362 An.1V‚ta.
583 4298 633 4359 VI,
646 4313 688 4348 ro.
699 4297 762 4360 Vll,
773 4313 816 4364 19,
828 4296 917 4366 ibique
927 4297 1036 4368 interpr.
1081 4307 1178 4347 rucrint
1201 4295 1236 4360 κη
1245 4291 1336 4358 τους,
1357 4312 1467 4364 quornm
1485 4293 1563 4364 pedes
1583 4291 1741 4364 posteriores
1754 4289 1868 4363 pedibus

251 4373 353 4426 filiano
374 4392 428 4426 non
453 4373 524 4440 serae,
548 4372 594 4426 sed
607 4372 704 4426 dociles
721 4373 810 4426 hestiae
830 4385 901 4427 sunt.
921 4375 1039 4427 Omnino
1084 4373 1205 4426 tristante
1224 4373 1392 4437 acroribus,
1413 4372 1515 4444 priam
1540 4371 1745 4440 trionibussnere
1758 4369 1865 4423 sinrilcs.

252 4451 328 4522 plura
349 4453 486 4506 simiarum
506 4470 602 4522 genera
616 4452 853 4524 cynocephalorum
868 4455 976 4506 nomine
994 4471 1037 4524 ap.
1082 4457 1140 4506 Hoc
1162 4453 1265 4505 finitimi
1277 4465 1370 4526 postca
1385 4457 1465 4506 Roma
1485 4469 1536 4503 non
1558 4451 1639 4504 cidit.
1666 4449 1746 4516 Κηδος
1761 4458 1870 4501 vocatur

253 4541 316 4583 vett.
330 4530 460 4600 designari
480 4532 613 4585 videntur.
623 4533 690 4584 Cum
710 4531 955 4604 κήπῳκυνοκέφαλον
967 4551 1040 4585 com-
1082 4531 1153 4603 apud
1170 4532 1302 4586 Aristotel.
1315 4533 1350 4584 H.
1372 4535 1405 4585 Λ.
1426 4533 1462 4596 11,
1480 4533 1507 4595 8,
1522 4541 1548 4582 et
1564 4529 1730 4582 Damascium
1747 4529 1774 4580 in
1789 4527 1868 4579 Phot.

252 4621 327 4680 parat
340 4611 500 4682 Pythagoras
517 4610 562 4682 ap.
577 4611 672 4665 AElian.
692 4611 781 4676 XVII,
797 4615 824 4676 8,
844 4612 889 4664 uhi
905 4611 964 4664 viclo
981 4629 1040 4682 quae
1083 4629 1111 4682 p.
1126 4612 1188 4677 343,
1206 4628 1254 4675 10,
1273 4621 1300 4664 et
1312 4611 1443 4664 Galenum
1457 4620 1477 4662 t.
1497 4611 1546 4674 IV,
1567 4627 1594 4680 p.
1611 4609 1670 4678 557.
1686 4607 1807 4660 Nominis
1829 4624 1870 4657 ra-

253 4690 353 4740 notavit
374 4688 558 4742 Schneiderus.
583 4691 595 4758 ΙΙ
611 4719 647 4730 --
662 4689 687 4741 5.
703 4689 1040 4760 Περλμέντδνόρρενα
1084 4691 1182 4743 tionem
1197 4709 1212 4743 a
1229 4691 1376 4762 Pythagora
1394 4700 1421 4742 et
1440 4686 1633 4758 Agatharchide
1650 4687 1752 4739 allatam
1771 4686 1869 4755 respuit

252 4768 664 4839 tofitoefflaecverhaomlttunt
677 4770 730 4821 ΑΒ.
746 4771 799 4838 ΙΙ-
811 4788 837 4839 7.
851 4771 1037 4842 διάγεσθαι]
1083 4769 1222 4822 Salmasius
1242 4769 1274 4821 acl
1289 4769 1371 4822 Solin.
1393 4785 1420 4838 p.
1441 4772 1502 4837 276.
1529 4791 1540 4812 ι
1559 4771 1617 4838 Cap,
1640 4767 1744 4837 inquit,
1758 4774 1804 4816 aut
1824 4764 1871 4815 (τό

253 4847 404 4917 θιαγίνεσθαι
429 4848 460 4900 C.
1084 4847 1219 4919 AEthiopes
1235 4847 1358 4900 videntur
1369 4846 1521 4918 appulissem
1542 4845 1613 4898 unde
1625 4845 1710 4898 Groecl
1729 4846 1808 4910 κῆπον
1825 4853 1870 4894 aut

288 4929 360 4994 §75.
369 4926 416 4978 lin.
427 4945 454 4996 9.
463 4925 690 4996 reparatiores
703 4928 713 4998 ]
727 4945 782 4980 om.
791 4928 822 4981 C.
836 4927 1039 4982 Clllrtemidor.
1084 4928 1161 4994 κῆίοι
1173 4953 1198 4992 ι,
1208 4925 1336 4998 probante
1347 4927 1461 4980 Cuviero
1472 4927 1497 4978 in
1506 4935 1598 4978 nnrrot.
1612 4923 1644 4976 ad
1658 4924 1725 4977 Plin.
1742 4933 1807 4975 tom.
1820 4923 1869 4984 Vl,

252 5024 295 5076 ap.
308 5006 431 5061 Strabon.
448 5024 475 5077 p.
489 5010 540 5076 774
555 5008 566 5075 (
579 5007 639 5060 coll.
657 5025 685 5078 p.
702 5010 787 5078 812).
799 5007 955 5061 Uberioiem
976 5010 1041 5080 Cepi
1084 5023 1112 5078 p.
1130 5009 1204 5072 hal,
1226 5007 1270 5076 qui
1286 5007 1382 5075 signari
1404 5015 1492 5058 censet
1506 5003 1612 5057 simiam
1631 5003 1737 5055 rachium
1752 5001 1870 5061 lionaci,

252 5085 455 5157 descriptionem
478 5103 510 5137 ex
535 5086 689 5157 Pythagorae
713 5088 830 5140 Demari
854 5088 946 5140 Rubro
968 5087 1042 5139 libris
1082 5085 1302 5159 poturilullonii.
1316 5085 1419 5136 Nomen
1439 5087 1516 5149 κῆπος
1536 5083 1569 5135 ab
1584 5099 1647 5134 voce
1661 5080 1780 5132 sanserit.
1800 5077 1872 5146 Καρὶ

254 5162 330 5215 allert
342 5163 459 5217 AElianus
469 5164 557 5229 xvn,
578 5167 605 5229 θ,
619 5165 665 5218 ubi
680 5165 862 5235 magnitudine
873 5183 965 5219 canem
979 5167 1042 5217 Ere·
1086 5165 1205 5218 derivare
1220 5174 1379 5217 ittonucrunt
1392 5161 1560 5231 Schlegclius,
1574 5160 1703 5214 Gesenius
1716 5168 1741 5209 et
1757 5159 1870 5216 lasscn,

254 5243 335 5295 trium
348 5259 451 5313 aequate
462 5242 569 5296 dicitur.
586 5245 685 5297 Plinius
696 5248 771 5311 vm,
786 5247 829 5309 αθ,
847 5247 882 5298 ito
899 5261 905 5297 :
922 5245 1041 5317 Pompeii
1087 5244 1160 5314 cujus
1181 5244 1240 5296 vide
1251 5243 1333 5296 lilium
1345 5241 1378 5295 tle
1390 5242 1512 5313 antiquit.
1531 5239 1580 5292 lud
1607 5235 1869 5302 tom.1,31t..538.
