3950 5925
231 550 235 557 ·
338 528 824 659 aronrzror
1078 474 1659 729 ριιιουννιι

390 814 466 874 ΤΟΥ
488 810 768 873 ΚΑΛΛΙΦΩΝΤΟΣ
1207 806 1498 869 catttruottt'ts
1521 806 1615 867 ritu
1666 833 1671 841 ⁴

212 1030 505 1109 ΑΝΑΓΡΑΦΗ
544 1027 656 1105 ΤΗΣ
692 1024 948 1105 ΕΛΛΑΔΟΣ.
1074 1018 1442 1100 DESCRIPTIO
1468 1015 1749 1097 GRAECIAE.

548 1288 617 1303 β
1382 1292 1447 1305 ,-

241 1458 296 1519 Διὰ
311 1455 427 1534 παντὸς,
441 1446 463 1515 ῶ
479 1454 651 1537 Θεόφραστε,
664 1454 785 1543 καθάπερ
797 1442 870 1511 οἶσθα
885 1452 933 1530 οὗ,
1019 1466 1138 1537 semper,
1145 1464 1338 1535 Theophrasto,
1349 1465 1417 1516 sicut
1428 1463 1497 1516 nosti
1510 1473 1549 1526 tn,

239 1546 307 1604 ἴδιόν
320 1569 346 1603 τι
360 1545 493 1616 πλάττων,
507 1543 583 1622 κούχὶ
597 1541 641 1599 τὸν
655 1541 749 1621 ἑτέροιο
759 1541 846 1612 πόνον,
1019 1554 1156 1625 proprium
1170 1550 1269 1621 aliquid
1280 1550 1391 1619 fingens,
1401 1567 1487 1619 neque
1495 1548 1607 1602 aliorum
1620 1547 1735 1604 taboram

239 1636 306 1713 ὅπερ
318 1632 380 1690 ἔνῑῡῑ
392 1632 492 1690 mrots‘
507 1633 621 1705 ἐμαυτοῦ
633 1628 763 1704 τνθέμενοι
1020 1642 1114 1713 (quod
1126 1641 1244 1694 nonnulli
1259 1640 1378 1707 faciunt)
1392 1639 1458 1690 mihi
1470 1638 1623 1701 vindicans,

241 1726 287 1779 νῦν
299 1720 428 1798 ’ἱστόρηκα
440 1720 486 1787 τὴν
499 1717 608 1775 ἅπασαν
620 1717 754 1787 Ulnia«,
1019 1746 1092 1780 nunc
1100 1728 1208 1798 exposui
1224 1728 1373 1780 universam
1382 1726 1512 1777 Graeclam

218 1830 231 1869 υ
245 1804 457 1883 intersaepire<
471 1804 554 1883 ταύτῃ
567 1803 595 1862 δὲ
610 1803 656 1870 τὰς
670 1803 728 1873 ἑξῆς
741 1803 837 1873 παλαι,
1016 1826 1046 1865 et
1062 1812 1191 1884 subjectas
1199 1814 1222 1864 ei
1231 1831 1290 1883 quae
1301 1812 1426 1881 deinceps
1435 1821 1498 1862 sunt
1506 1810 1602 1873 urbes,

239 1896 370 1973 στοιχεῖον
383 1896 430 1952 οὐκ
439 1892 557 1970 Ιιῖμουσσν
569 1890 626 1967 ἅμα
638 1896 660 1949 t'
673 1890 830 1961 Ἑλληνικόν
1016 1901 1178 1955 elernonturn
1188 1919 1242 1953 non
1255 1898 1394 1953 indoctum
1405 1909 1430 1951 et
1440 1900 1564 1951 Graecum
1576 1897 1663 1961 simul,

242 1984 335 2054 ἱκανήν
348 2006 376 2041 τε
392 1981 508 2061 παρέχον
521 1978 658 2061 διατριὸὴν
671 1987 723 2045 τοῖς
736 1978 889 2055 δυναμένοις
1020 1990 1201 2061 idoneumque
1207 2007 1262 2060 quo
1271 1999 1375 2059 tempus
1386 1997 1472 2040 terant
1485 1988 1596 2038 scientes

241 2074 322 2148 ὀρθῶς
332 2071 441 2128 συνιδεῖν
456 2068 566 2129 ἕκαστα.
579 2065 623 2127 Τὰ
636 2066 687 2145 γὰρ
700 2069 726 2123 ἐν
736 2066 855 2124 πλείοσιν
1017 2087 1090 2129 recte
1098 2076 1200 2145 singula
1207 2092 1377 2145 cognossem,
1390 2075 1457 2127 Nam
1471 2090 1530 2143 quae
1540 2071 1622 2128 fusius

245 2159 295 2217 tab
308 2161 359 2215 τῶν
370 2159 490 2215 παλαιῶν
506 2154 676 2234 συγγραφέων
690 2154 830 2233 &pallitta
1017 2164 1089 2236 apud
1099 2165 1240 2235 scriptores
1254 2172 1353 2215 veteres
1362 2171 1507 2213 memorata
1517 2170 1593 2224 sunt,

202 2268 229 2305 ιο
241 2246 318 2304 ταῦτ’
330 2244 466 2323 ἐμμέτρως
474 2242 599 2325 ρηθήσετ’
612 2246 639 2301 ἐν
652 2246 746 2319 βραχεῖ
758 2242 855 2320 χρόνῳ,
1018 2269 1051 2303 ea
1065 2250 1184 2303 versibus
1197 2248 1319 2301 dicentur
1329 2248 1402 2299 brevi
1417 2257 1549 2317 tempore3

244 2333 310 2411 4ὅπερ
322 2331 391 2389 ἐστὶν
401 2336 496 2398 ἱκανῶς
509 2332 619 2406 δύναμιν
631 2330 742 2407 ἰσχυρὰν
756 2329 826 2407 ἔχον·
1020 2338 1093 2408 quod
1106 2338 1215 2409 quidem
1229 2340 1283 2391 vim
1293 2336 1364 2389 haud
1379 2335 1517 2389 minimam
1527 2333 1614 2389 habet.

243 2418 423 2495 ὑπολαμὸοίνω
435 2418 486 2497 γὰρ
499 2419 623 2498 ἀσφαλῶς
634 2420 699 2492 ἡμῖν
715 2416 785 2495 ἔχειν
1020 2426 1150 2479 Existimo
1160 2426 1231 2477 enirn
1249 2425 1306 2475 sine
1314 2423 1388 2493 lapsu
1400 2420 1477 2474 nohis
1485 2422 1625 2473 recensitas

244 2508 346 2566 κεῖσθαί
356 2528 385 2565 τι
396 2505 443 2572 τὰς
453 2506 569 2581 μάλιστα
580 2503 725 2581 διασήμοος
737 2506 836 2576 πολεις,
1020 2517 1171 2585 positasque
1181 2532 1237 2565 esse
1247 2512 1327 2565 urbes
1338 2530 1392 2582 prae
1404 2510 1499 2563 ceteris
1513 2510 1641 2579 insignes,

247 2595 331 2667 ἄλση,
344 2593 488 2670 ποταμοὺς,
501 2593 594 2663 νήσους
602 2614 632 2651 τε
644 2592 703 2658 τοὺς
715 2592 839 2657 διάπλους
851 2613 879 2648 τε
891 2589 937 2648 καί
1020 2619 1146 2666 nemora,
1162 2601 1273 2663 fluvios,
1288 2598 1399 2661 insulas,
1411 2596 1535 2667 trajectus
1543 2608 1571 2649 et

204 2704 230 2741 as
244 2682 365 2760 λιμένας,
378 2680 395 2739 ἅ
406 2684 429 2740 τ’
444 2680 514 2740 ἐστὶν
526 2684 552 2739 ἐν
568 2678 763 2760 Πελοποννήσῳ
774 2680 837 2755 γένη
1020 2697 1123 2757 portus,
1138 2704 1249 2757 queque
1261 2686 1289 2736 in
1300 2684 1481 2753 Peloponneso
1492 2693 1582 2751 gentes

243 2770 372 2849 λεγόμενα
384 2770 546 2848 χὼμοροῶντ’
559 2771 661 2833 ἑαυτοῖς
674 2766 743 2825 κατὰ
756 2768 864 2839 τόπους,
1019 2783 1202 2827 memorantur
1212 2772 1276 2824 locis
1286 2770 1336 2823 sibi
1351 2770 1464 2822 invicem
1479 2770 1658 2833 conterminae,

246 2858 289 2916 ἵνα
305 2858 371 2935 μηδὲ
382 2857 408 2914 ἕν
423 2880 453 2916 σε
467 2856 497 2914 τὸ
509 2855 615 2915 σύνολον
632 2856 803 2934 διαλανθάνῃ,
1021 2869 1051 2912 ut
1061 2861 1172 2911 omnino
1183 2868 1210 2910 te
1221 2877 1255 2910 ne
1266 2857 1351 2911 hilum
1363 2855 1473 2926 quislem
1484 2855 1571 2918 lateat,

245 2950 362 3028 φανερῶς
374 2944 491 3004 ἑκάστων
506 2944 639 3022 ὁμολόγως
652 2967 681 3002 τε
691 2944 827 3021 κειμένων,
1022 2946 1158 3000 manifeste
1171 2946 1279 3017 singulis
1289 2957 1315 2999 et
1325 2947 1515 2999 convenienter
1527 2947 1665 3018 expositis,

243 3034 307 3094 ὥστ’
318 3034 485 3093 ἁναλαὸόντα
500 3035 546 3092 καλ
556 3032 600 3091 διὰ
612 3032 718 3110 μνήμης
733 3031 814 3112 ἔχειν·
1020 3045 1052 3087 ut
1062 3035 1108 3104 qni
1117 3034 1370 3102 relegeritmemoria
1378 3033 1457 3084 etiarn
1471 3043 1566 3086 teneat.

201 3143 230 3182 ao
243 3121 343 3202 νωθριλν
356 3121 407 3201 γὰρ
420 3123 468 3198 οὐχ
482 3119 565 3199 εὕροις
579 3120 621 3192 ἂν,
634 3122 696 3177 ἀλλ’
707 3119 886 3195 ἐσπευσμένην
1020 3119 1099 3176 Haud
1110 3121 1182 3173 enirn
1190 3119 1352 3190 segnemsed
1362 3137 1470 3172 summo
1484 3118 1577 3171 factam
1587 3119 1676 3174 studio

242 3211 290 3282 τὴν
305 3213 505 3290 πραγματείαν·
520 3208 559 3267 διὸ
570 3209 679 3266 σεαυτὸν
695 3207 732 3285 μὴ
747 3207 844 3288 βραδύν
1018 3209 1191 3278 scriptionem
1203 3207 1272 3259 hanc
1285 3207 1409 3277 reperias.
1420 3210 1511 3276 Quare
1524 3216 1605 3261 tentet
1614 3207 1755 3277 impigrum

225 3409 388 3461 Διονυσίου
411 3413 468 3462 τοῦ
485 3409 516 3461 Κ.
539 3408 648 3478 ἀνογρ.
666 3427 689 3461 τ.
714 3405 825 3478 ‘Em
848 3411 915 3477 Quen
938 3392 978 3460 sc'·
1022 3405 1810 3478 istosversiculosnihilpertinereadeumquemomnesno-

188 3499 307 3559 quuntur
326 3487 381 3542 duo
400 3486 545 3556 fragmenta
561 3488 683 3550 metrica,
702 3489 729 3538 in
750 3485 841 3538 codice
859 3489 979 3541 Parisino
1023 3488 1109 3539 timus
1126 3487 1319 3551 Dicaearchum,
1338 3485 1442 3538 dudum
1455 3487 1505 3538 viri
1517 3486 1589 3538 docti
1602 3499 1808 3556 perspexerunt;

188 3585 215 3637 p.
235 3585 294 3631 111,
315 3567 361 3619 lin.
384 3586 400 3635 9
422 3567 520 3636 absque
541 3566 593 3618 ulla
613 3567 784 3636 inscriptione
803 3565 980 3635 subjiciuntur
1023 3584 1109 3636 neque
1125 3566 1159 3618 de
1173 3566 1255 3618 altero
1266 3566 1384 3637 quodam
1404 3565 1557 3618 Dicaearcho
1571 3565 1749 3634 cogitandum,
1762 3585 1809 3618 ne.

189 3645 284 3699 Isidori
299 3646 442 3698 Characeni
459 3645 579 3697 stathmis
599 3644 746 3707 Parthicis,
761 3661 814 3696 non
836 3645 871 3697 ita
892 3655 979 3698 tamen
1022 3663 1074 3715 que
1083 3645 1116 3698 ad
1129 3646 1278 3716 prosaicum
1290 3645 1464 3713 fragmentum
1475 3644 1504 3696 id
1514 3662 1611 3697 nonno
1622 3645 1809 3701 retrahendum

189 3735 220 3777 ut
234 3743 288 3776 uno
308 3724 482 3776 exhibeantur
500 3733 601 3775 tenore.
615 3722 847 3790 Quemadmodum
865 3725 979 3777 enimin
1022 3735 1069 3776 cst.
1084 3726 1201 3792 Quinam
1214 3723 1294 3778 fuerit
1305 3723 1445 3793 ἀναγραφῆς
1452 3733 1545 3776 arrctor
1555 3724 1583 3776 in
1593 3734 1749 3794 perpetuum
1761 3743 1810 3776 nos

190 3805 323 3874 Anonymi
347 3803 451 3873 Periplo
474 3804 551 3858 Ponti
570 3804 668 3855 Euxini
692 3803 816 3872 prosaicis
836 3804 979 3857 miscentur
1022 3800 1148 3867 latuisset,
1163 3804 1213 3856 nisi
1227 3809 1282 3873 ipse
1293 3803 1512 3854 artificionomen
1522 3819 1601 3856 suurn
1614 3801 1739 3855 oblivioni
1754 3815 1810 3855 stu·

189 3883 291 3953 poetica
305 3883 409 3953 Scymni
420 3882 490 3946 Chii,
510 3899 589 3951 quem
603 3881 681 3950 vulgo
698 3881 799 3945 dicunt,
813 3883 851 3933 sic
867 3883 978 3936 trimetri
1022 3880 1121 3935 duisset
1133 3883 1278 3953 subripere.
1293 3883 1426 3934 Nimirum
1437 3883 1459 3933 si
1473 3883 1572 3952 primas
1580 3881 1679 3935 litteras
1689 3883 1809 3952 priorum

189 3963 272 4014 nostri
283 3979 344 4013 curn
356 3961 450 4029 eclogis
462 3960 621 4031 quibusdam
633 3979 665 4012 ex
680 3963 797 4030 prosaica
809 3962 917 4014 Graecia
933 3962 979 4016 de-
1022 3977 1147 4013 versuum
1157 3962 1247 4030 viginti
1260 3964 1352 4025 trium,
1365 3962 1411 4030 qui
1419 3961 1559 4033 insipidam
1570 3962 1735 4016 constituunt
1742 3979 1810 4032 prae·

187 4039 331 4110 scriptione
349 4041 436 4110 petitis
452 4041 479 4091 in
499 4057 584 4090 unum
600 4049 663 4090 suut
676 4039 792 4092 conflati.
815 4041 890 4093 Prius
911 4040 978 4112 frag-
1020 4040 1158 4105 sationem,
1177 4041 1204 4092 in
1219 4058 1303 4093 unum
1321 4040 1469 4109 collegeris,
1483 4041 1573 4094 titulus
1584 4040 1717 4094 eflicitur:
1734 4041 1809 4094 Διο-

190 4129 308 4170 utentum
323 4119 431 4170 Gracia!
444 4117 648 4188 descriptionem
663 4117 802 4171 adumbrat
815 4119 877 4172 inde
891 4139 907 4172 a
918 4123 978 4176 sinu
1023 4120 1129 4171 vastos
1150 4123 1207 4172 τοῦ
1228 4119 1432 4190 Καλλιρῶντσ
1443 4141 1467 4183 ς,
1492 4119 1519 4171 id
1534 4119 1606 4190 quod
1627 4121 1729 4187 egregie
1740 4122 1810 4173 eruit

190 4197 333 4249 Ambracio
358 4215 442 4268 usque
466 4197 499 4250 ad
521 4199 646 4250 isthmum
670 4199 848 4252 Corinthium.
876 4201 979 4254 Deinde
1023 4198 1157 4250 Lehrsius.
1176 4200 1187 4267 ΙΙ
1203 4215 1279 4251 -2.
1301 4199 1385 4269 ἕτερον
1403 4197 1507 4262 codem
1521 4217 1574 4251 em.
1595 4198 1726 4252 Hoschel.
1745 4201 1756 4267 ll
1772 4229 1810 4244 -

190 4276 217 4327 in
232 4275 292 4328 md.
310 4294 337 4346 p.
354 4281 418 4339 114,
440 4275 456 4329 l.
477 4277 506 4329 13
526 4278 645 4346 prosaica
661 4288 817 4346 sequuntur,
832 4279 928 4348 quibus
944 4281 978 4333 de
1023 4277 1048 4328 3.
1066 4280 1178 4329 ποιοῦσιν
1191 4276 1265 4341 cod.;
1278 4296 1331 4331 em.
1343 4277 1474 4331 Meiuckc.
1494 4279 1553 4346 ll-
1568 4282 1594 4341 4.
1610 4278 1728 4346 ἱστόρηκα
1736 4277 1810 4330 dedit

190 4357 277 4407 Attica
285 4365 311 4408 ct
319 4355 430 4420 Bantia,
443 4354 529 4425 dequo
543 4355 675 4409 Thessalia
687 4357 796 4409 Graecia
805 4369 875 4411 recte
886 4377 978 4411 aecem
1021 4355 1155 4421 Μαίναλος
1166 4357 1292 4426 πεπόρηιια
1303 4357 1403 4421 codex3
1416 4358 1543 4424 πεπόνηκα
1561 4355 1630 4426 conj.
1646 4357 1808 4427 Stephanus,

188 4433 270 4485 sends
285 4433 367 4486 fusius
380 4435 532 4504 exponitur.
544 4437 605 4488 Post
618 4435 672 4488 haec
683 4454 711 4507 p.
726 4452 785 4500 120,
798 4436 844 4489 liu.
857 4453 902 4501 ao,
917 4439 979 4491 alte-
1022 4435 1167 4505 refragante
1178 4448 1273 4490 metro.
1291 4439 1302 4506 ΙΙ
1314 4468 1350 4478 -
1360 4437 1385 4491 5.
1397 4437 1593 4506 ὓποταττυμενος
1601 4436 1683 4488 voluit
1692 4440 1726 4489 Α.
1736 4439 1810 4489 surr.

191 4528 251 4562 rum
262 4513 341 4564 habes
350 4513 526 4582 fragmentum
538 4515 688 4578 metricum,
702 4515 774 4584 quod
783 4525 822 4567 est
830 4513 864 4567 de
876 4517 976 4570 insulis.
1022 4533 1148 4581 mannus,
1163 4535 1189 4570 τε
1203 4535 1253 4588 pro
1267 4516 1293 4570 δὲ
1306 4516 1377 4586 conj.
1393 4517 1573 4570 Casaubonus.
1586 4516 1636 4578 Τὰς
1654 4515 1707 4580 ἑξῆς
1726 4515 1811 4577 πόλεις

190 4590 250 4642 Fini
265 4591 321 4660 ejus
331 4591 493 4662 adscriptum
505 4592 616 4662 legitur:
630 4594 826 4664 Δικαιάρχου
847 4592 979 4666 ἀναγρο,
1022 4594 1136 4664 intellige
1154 4597 1309 4648 Grecorum
1325 4596 1452 4660 colonias,
1472 4612 1531 4666 quae
1550 4596 1681 4648 aGraecia
1703 4593 1809 4664 profici»

190 4667 227 4738 μὴ
252 4673 306 4735 τῆς
328 4666 495 4733 Ἐλλάδος
520 4674 553 4724 Ιιι
583 4671 733 4743 apographo
757 4674 885 4726 Vaticano
911 4674 977 4746 (fol.
1021 4677 1104 4727 sconti
1119 4676 1146 4727 in
1158 4693 1205 4727 ora
1216 4677 1348 4728 maritima
1362 4686 1514 4728 occurrunt.
1529 4677 1540 4744 ΙΙ
1557 4680 1634 4727 -6.
1654 4672 1809 4740 Ἑλληνικῶν

189 4749 242 4802 238
255 4753 266 4816 )
281 4767 329 4802 nec
347 4767 399 4801 non
423 4751 450 4801 in
471 4753 621 4804 Monacensi
635 4751 726 4805 titulus
745 4771 760 4804 a
780 4753 832 4805 line
851 4751 885 4805 ad
901 4765 979 4823 caput
1022 4753 1094 4819 cod.;
1113 4771 1165 4806 em.
1181 4755 1292 4806 (assub.
1307 4757 1319 4824 ll
1333 4785 1369 4796 -
1381 4774 1408 4825 7.
1420 4752 1644 4826 παρέχωιαιάοκς
1657 4771 1710 4805 ern.
1724 4753 1810 4810 scriba

190 4828 329 4880 translatus
339 4867 346 4892 ,
357 4827 447 4880 additu
461 4831 594 4882 mentione
604 4829 789 4902 Theophrasti,
803 4850 880 4902 quern
892 4835 979 4901 primo
1021 4834 1164 4906 apographi
1176 4836 1350 4887 Monacensis.
1367 4836 1378 4903 ll
1394 4864 1431 4875 -
1445 4855 1471 4903 9.
1485 4835 1658 4905 σογγροραὶων
1672 4831 1733 4885 cod.
1748 4833 1759 4900 ll
1773 4861 1810 4872 -

192 4925 268 4959 versu
279 4918 356 4979 poeta
372 4907 523 4978 alloquitur,
534 4909 600 4962 adeo
613 4921 642 4962 ut
660 4912 835 4982 inscriptiosit
848 4929 855 4964 t
866 4913 978 4982 Δικαιάρ-
1025 4931 1067 4968 ro.
1081 4913 1270 4984 ἐνμέερωςοοά.
1280 4917 1333 4967 Pro
1340 4916 1425 4986 χρόνῳ
1437 4915 1545 4966 fortasse
1559 4915 1630 4985 λόγῳ
1645 4913 1693 4981 leg.
1706 4912 1811 4982 putarit

190 5005 238 5056 you
260 4985 387 5058 ἀναγραφὴ
408 4991 452 5054 τῆς
475 4985 596 5051 Ἑλλάδος
615 4990 673 5060 πρὸς
692 4991 857 5062 θεόρραστον.
879 4994 979 5046 Versus
1023 4995 1182 5045 Letronnus.
1200 4995 1211 5060 ΙΙ
1228 4990 1807 5064 —1sr.aaldpopobvll'cod.;eru.hleinclte.

191 5067 219 5117 irr
234 5065 323 5118 codice
336 5068 454 5120 Parisino
466 5085 519 5119 non
532 5067 646 5122 distincti
659 5069 727 5141 stylo
740 5083 882 5124 exarantur
895 5075 979 5124 conti·
1027 5073 1084 5140 ΙΙ-
1102 5090 1143 5141 ¹7·
1157 5072 1313 5125 ἰιαλανθάνει
1324 5072 1385 5124 cod.
1399 5075 1458 5140 ΙΙ-
1473 5091 1513 5141 ¹9·
1525 5072 1556 5142 ἔγ.
1566 5070 1627 5124 cod.
1642 5071 1755 5139 ΙΙ-αο,
1769 5069 1808 5121 εὖ.
1852 5109 1857 5118 .

191 5161 263 5207 nuo;
287 5145 313 5195 in
334 5145 452 5198 Palatino
466 5145 534 5198 libro
556 5149 671 5218 primurn
693 5148 867 5218 fragmentum
891 5169 979 5203 versus
1023 5152 1158 5220 σπεομὲνην
1168 5151 1228 5205 cod.
1242 5153 1253 5220 ΙΙ
1265 5169 1353 5203 -οι,
1369 5149 1405 5221 μὴ
1422 5151 1539 5220 βραδύν
1551 5151 1561 5220 ]
1572 5148 1605 5221 μὴ
1617 5149 1695 5220 βραχύ
1705 5147 1807 5212 codex,

188 5234 323 5292 separatos
343 5223 430 5289 habet,
449 5243 502 5278 uou
518 5227 578 5279 iteru
593 5228 712 5282 alterum.
729 5231 851 5284 Ceterum
867 5231 978 5284 misellos
1023 5249 1074 5283 cm.
1091 5230 1222 5294 Mainake,
1235 5232 1280 5303 qui
1303 5253 1314 5280 ι
1337 5230 1408 5284 Nihil
1422 5230 1560 5302 proficitur
1572 5226 1725 5285 Boissonadi
1743 5245 1809 5283 con·
