3950 5925
291 414 397 470 xxxvi
826 436 830 443 -
952 396 1251 458 Puotuuotteut.

296 528 390 601 deret,
405 527 535 603 adeoque
550 526 636 583 etiam
649 524 798 600 gemellam
814 524 892 581 illam
908 524 1080 584 Phoenicum
1123 549 1189 600 ρων,
1197 525 1228 584 id
1237 526 1278 583 ita
1287 543 1355 582 cum
1363 523 1495 583 Prellero
1508 520 1765 599 interpretandum,
1777 527 1886 587 utllthe·

296 642 349 697 per
369 641 473 680 senon
495 620 717 699 improbabilem
738 639 802 679 esse
821 639 938 678 censere
950 620 1079 693 deberet,
1122 640 1202 677 naeus
1217 639 1277 677 rem
1288 617 1476 696 legeritapud
1490 617 1688 688 Polemonem,
1699 617 1750 693 qui
1759 620 1816 695 ipse
1828 642 1885 683 usus

296 732 392 774 tamen
409 716 570 774 Herodotea
580 716 629 774 illa
642 736 700 773 non
714 716 809 773 minus
822 736 907 793 quam
924 736 988 793 quae
999 719 1082 793 paria
1123 718 1160 773 sit
1175 716 1303 793 Scylacis
1317 715 1485 773 testimonio
1499 712 1556 794 [Ἳ.

297 810 333 867 de
348 831 431 885 mago
446 811 545 888 aliquo
562 809 728 868 Heraclides
741 810 881 868 Ponticus
896 826 1080 888 narraverat,
1166 816 1214 879 48.
1232 813 1362 871 Alterum
1378 832 1452 889 opus
1465 810 1571 886 Scylax
1584 809 1748 888 composuit
1759 812 1887 891 periplum

246 982 249 987 Ι
296 906 433 986 ἀμάρτυρα
443 898 510 965 εἶναι
520 926 686 965 asseverare
699 908 794 985 potuit
802 906 963 983 (StraboH‚
972 928 1002 985 p.
1014 910 1080 984 98).
1126 912 1215 968 maris
1226 910 1350 981 interni,
1362 910 1410 967 cui
1422 907 1559 985 adjuncta
1569 907 1690 965 sortasse
1698 920 1777 965 erant
1789 929 1847 986 quae
1858 912 1888 970 de

296 1000 358 1059 Hoc
373 1002 464 1060 doctae
483 1002 665 1079 antiquitatis
682 1002 850 1061 testimonio
863 1002 948 1061 nobis
963 1008 1080 1080 acquie—
1126 1027 1177 1064 ora
1184 1020 1265 1065 extra
1272 1004 1887 1065 Herculeascolumnassitainnotuerantdle·

296 1096 433 1154 scendum
447 1110 500 1158 est.
518 1096 601 1154 Haud
615 1098 699 1155 aliter
712 1117 782 1155 vero
800 1098 886 1155 etiam
899 1097 935 1155 de
954 1097 1082 1176 Scylacis
1126 1114 1240 1159 morant
1249 1100 1362 1174 Strabo,
1373 1100 1529 1159 scholiasta
1538 1098 1688 1178 Apollonii
1700 1097 1811 1172 Rhodii,
1819 1102 1889 1159 livie-

295 1192 482 1267 navigatione
494 1206 605 1250 veteres
615 1194 760 1265 statuisse,
775 1192 826 1249 vix
837 1205 881 1251 est
900 1213 952 1251 cur
964 1213 1081 1251 monea·
1126 1216 1191 1271 nus,
1205 1196 1368 1254 Harcianus
1377 1195 1556 1266 Heracleote,
1569 1194 1732 1273 Stephanus
1739 1195 1887 1271 Byzantius,

296 1301 354 1347 tur.
378 1286 537 1345 Alexandri
549 1286 647 1363 Magni
662 1288 783 1345 comites
793 1288 982 1347 literatissimi
997 1290 1080 1365 igno-
1125 1292 1233 1369 quibus
1244 1292 1310 1351 addi
1321 1291 1536 1369 quodammodo
1546 1302 1642 1369 potest
1648 1289 1779 1348 scholion
1789 1306 1888 1351 servato

294 1396 398 1440 rarunt
413 1402 449 1440 an
461 1383 561 1441 classis
574 1402 609 1440 ex
622 1381 696 1440 lndo
707 1385 738 1441 iu
749 1384 844 1441 sinum
856 1384 1007 1443 Persicum
1021 1385 1080 1443 de·
1126 1388 1212 1446 nobis
1220 1390 1335 1466 periplo
1342 1386 1612 1464 Pseudo-Scylaceo
1620 1386 1781 1465 praefixum.
1792 1388 1888 1456 Quodsi

296 1477 364 1535 duci
381 1492 497 1555 posset,
513 1497 546 1536 ac
560 1476 708 1536 Nearchus
721 1480 805 1555 quasi
817 1480 875 1537 diis
890 1498 920 1537 se
932 1479 1080 1539 devovens
1124 1482 1299 1542 Niebuhrius
1313 1496 1341 1541 et
1354 1483 1406 1541 alii
1420 1481 1555 1540 nonnulli
1570 1494 1710 1558 putarunt
1719 1480 1794 1539 hunc
1805 1482 1889 1561 Scyla-

294 1592 435 1631 oceanum
456 1574 577 1631 fortasse
598 1572 825 1649 innavigabilem
842 1587 966 1632 tentasse
990 1574 1080 1632 tradi·
1124 1597 1184 1635 cem
1200 1598 1217 1634 a
1232 1578 1315 1635 Darii
1329 1578 1483 1655 Hystaspis
1498 1576 1604 1653 aquali
1621 1576 1771 1633 diversum
1786 1596 1856 1648 esse,
1867 1593 1891 1637 et

293 1681 342 1725 tur
352 1666 397 1748 p)
413 1669 492 1727 Nihil
508 1668 539 1727 hi
553 1668 720 1729 tribuerunt
732 1669 892 1741 Herodoto,
910 1690 995 1747 quem
1014 1671 1080 1729 licta
1123 1671 1256 1751 Philippi
1264 1672 1381 1731 demum
1388 1671 1553 1730 Macedonis
1561 1668 1809 1746 temporibuseum
1817 1692 1889 1749 quem

294 1783 413 1825 narrare
426 1766 469 1825 vel
485 1786 598 1825 menses
610 1767 660 1824 isti
672 1767 864 1842 navigationis
875 1774 989 1841 triginta
1000 1786 1079 1825 coar·
1123 1767 1264 1827 habemus
1284 1768 1430 1847 periplum
1443 1766 1595 1844 scripsisse
1611 1788 1618 1823 :
1635 1766 1756 1823 minime
1774 1766 1890 1845 inhujus

292 1878 399 1939 parant,
423 1884 597 1942 quamquam
621 1864 675 1921 hos
699 1882 764 1920 cum
784 1867 845 1921 veri
868 1863 967 1941 aliqua
983 1865 1080 1941 specie
1123 1858 1705 1927 aetatisauctoremcaditXxdleitrrulerbe
1714 1859 1891 1940 συγγραφέντα

291 1974 445 2037 exputasse
462 1958 520 2017 sibi
540 1961 621 2017 visus
644 1958 794 2035 fueritis,
815 1957 986 2035 quilndum
1011 1978 1079 2017 ver·
1122 1958 1334 2038 λογογράφος
1355 1956 1427 2039 (⁴¹⁴⁸),
1450 1976 1537 2035 quem
1562 1956 1728 2038 Stephanus
1753 1969 1781 2014 et
1800 1956 1890 2015 Strabo

289 2074 342 2113 sus
357 2058 497 2113 orientem
511 2054 601 2113 fluere
621 2071 714 2131 usque
735 2052 771 2110 ad
794 2065 953 2110 extremum
975 2051 1078 2111 orbem
1122 2067 1239 2126 vocant,
1250 2066 1279 2113 et
1287 2055 1335 2111 Hic
1343 2074 1374 2132 p.
1388 2053 1446 2111 566
1458 2055 1534 2110 inter
1541 2052 1641 2110 varios
1653 2050 1807 2129 scriptores
1819 2054 1890 2129 ponit

292 2162 434 2208 terrarum
452 2162 576 2227 putaret.
593 2182 628 2193 -
649 2148 721 2217 Quae
743 2148 780 2206 de
803 2147 888 2205 India
913 2146 1078 2207 Herodotus
1122 2164 1187 2208 aute
1201 2150 1376 2227 Dionysium
1391 2147 1625 2217 Chalcidensem,
1642 2143 1760 2204 Κτίσεων
1775 2147 1889 2205 condite

290 2245 347 2321 Hl,
357 2248 464 2323 98·ιοῦ
478 2258 587 2317 narrat,
604 2246 628 2304 si
642 2264 703 2303 non
715 2245 825 2317 omnia,
838 2245 966 2323 plurima
975 2246 1076 2305 saltem
1122 2264 1183 2303 rem
1197 2244 1315 2323 Ephoro
1331 2243 1538 2319 antiquiorem.
1565 2240 1704 2298 Scholion
1715 2239 1791 2317 quod
1804 2253 1888 2299 nostro

291 2360 309 2399 a
321 2342 420 2401 Persis
434 2341 579 2419 accepisse
592 2340 723 2411 videtur,
736 2352 768 2398 ut
777 2359 814 2397 ex
823 2338 924 2398 verbis
937 2361 944 2397 :
958 2342 993 2406 ὡς
1008 2340 1078 2422 Πέρ-
1123 2340 1239 2419 periplo
1252 2340 1451 2418 premittitur,
1462 2335 1633 2413 asequioris
1645 2334 1701 2391 aevi
1714 2334 1825 2391 homine
1833 2336 1890 2392 scri·

291 2434 413 2515 carperet
428 2434 507 2514 (111,
527 2436 601 2513 105)
618 2435 792 2511 colligimus.
804 2434 932 2511 Scylacis
945 2435 981 2494 de
994 2436 1078 2494 India
1123 2431 1607 2514 ptumesseexvoceppdvrropapro
1615 2432 1694 2500 libre,
1705 2432 1890 2487 clrrcubrctiorre

289 2532 438 2603 libellum,
461 2536 514 2591 etsi
532 2532 630 2591 Carici
653 2530 799 2605 bominis,
823 2532 875 2589 vix
897 2531 1075 2591 adhibuerit.
1122 2543 1262 2608 usurpata
1276 2528 1394 2605 collegit
1413 2526 1591 2586 Niebuhrius
1606 2522 1697 2603 tm),
1718 2526 1816 2603 etipse
1835 2544 1890 2582 mo-

290 2627 669 2707 Omninologographorum
681 2626 800 2704 scriptis
809 2626 993 2706 paucissimis
1006 2647 1077 2687 usus
1122 2627 1175 2685 nui
1183 2626 1326 2701 originem
1336 2624 1440 2683 scholii
1454 2622 1593 2681 seriorem
1602 2641 1638 2679 ex
1650 2620 1782 2678 codicum
1793 2632 1889 2678 nostro·

290 2722 497 2795 essevidetur;
509 2736 587 2781 certe
600 2741 691 2800 quum
703 2741 769 2798 quae
781 2741 818 2781 ex
829 2722 954 2781 aliorum
966 2741 1018 2781 ore
1029 2741 1076 2781 ac·
1122 2742 1187 2781 rum
1202 2725 1315 2780 ratione
1336 2720 1420 2778 facile
1439 2718 1589 2797 explicari.
1611 2716 1809 2794 compositum
1829 2734 1889 2772 vero

291 2818 411 2896 ceperit,
421 2818 669 2893 ingenuesemper
679 2816 1078 2894 fateatur,egraecisauctori·
1122 2818 1227 2890 itaest,
1246 2830 1280 2876 ut
1293 2837 1359 2894 quae
1382 2816 1469 2873 lectio
1490 2814 1583 2872 nostri
1606 2812 1718 2891 peripli
1742 2813 1839 2888 cuique
1849 2811 1888 2867 rel

291 2914 467 2973 busnonnisi
475 2932 566 2972 unum
573 2911 735 2972 Hecataeum
744 2912 1039 2991 nominatimexcitat‚
1048 2926 1077 2972 et
1121 2912 1240 2971 indocto
1259 2910 1412 2984 offerebat,
1429 2928 1465 2969 ea
1487 2922 1588 2968 auctor
1602 2908 1742 2967 conflaret
1756 2906 1890 2965 camneti·

290 3010 469 3069 huncsolum
481 3010 618 3068 novimus
628 3010 680 3087 qui
691 3009 812 3068 fortasse
818 3008 905 3066 etiam
916 3009 983 3068 aliis
989 3010 1073 3082 locis,
1121 3009 1309 3082 tialiteraria,
1319 3028 1406 3087 quam
1414 3006 1755 3084 deScylaceperantiquo
1763 3004 1889 3080 scriptore

291 3104 344 3163 ubi
363 3106 472 3163 mentio
489 3104 553 3182 ejus
578 3124 637 3163 non
657 3103 803 3181 injicitur,
826 3103 945 3163 subesse
971 3107 1074 3183 possit.
1120 3105 1238 3165 lexicon
1255 3105 1375 3183 aliquod
1399 3101 1641 3182 suppeditaverit.
1662 3100 1741 3159 Hinc
1757 3099 1887 3156 fluxerunt

289 3204 385 3270 Quare
401 3203 426 3261 si
437 3201 508 3279 quid
518 3202 554 3260 de
566 3201 653 3261 rebus
663 3201 774 3260 Indicis
783 3200 893 3260 Graecis
907 3201 1076 3261 auctoribus
1120 3203 1174 3262 illa
1186 3225 1193 3261 a
1206 3201 1332 3271 Σκύλαξ..
1348 3202 1521 3281 ἀρχαιότατος
1533 3197 1580 3277 μέν
1591 3201 1647 3257 ἐστι
1661 3196 1741 3276 ἀνήρ·
1754 3209 1781 3254 ct
1794 3193 1887 3259 :dilue

289 3299 452 3358 Herodotus
467 3298 567 3373 debet,
581 3298 612 3356 id
626 3317 662 3357 ex
671 3297 773 3357 eodem
785 3302 919 3358 Hecataeo
929 3319 1075 3358 assumse-
1120 3304 1181 3366 Δῖος
1192 3301 1219 3358 ἐν
1232 3301 1270 3378 τῷ
1283 3297 1344 3379 περὶ
1357 3293 1549 3375 Ἀλεξανδρείας
1563 3292 1658 3374 pretia
1667 3291 1764 3372 πρώτῳ
1774 3288 1845 3370 ρηοίν
1854 3285 1887 3344 ὅτι

288 3396 337 3453 rit.
350 3394 434 3454 Hunc
453 3407 546 3454 autem
561 3414 718 3474 usurpasse
732 3395 861 3474 Scylacis
877 3397 1075 3454 narrationem
1120 3393 1225 3474 Δαρείῳ
1238 3392 1426 3474 προοιρώνηοι
1436 3387 1580 3456 Σκύλαξτίν
1588 3387 1737 3468 φρόντισμα
1746 3381 1888 3461 ,inquibus

288 3492 358 3551 inde
370 3491 511 3569 conjicias
525 3491 605 3569 quod
619 3510 756 3569 cynaram
778 3492 907 3570 plantam
921 3491 957 3550 ad
968 3491 1075 3550 Indum
1120 3491 1205 3550 facile
1214 3490 1354 3550 concedes
1364 3489 1471 3549 AElium
1482 3487 1571 3545 Dium
1582 3504 1643 3544 non
1656 3484 1694 3542 de
1706 3483 1821 3559 Scylace
1827 3499 1889 3555 quo·

287 3588 412 3646 lluvium
442 3587 557 3668 pascie
582 3587 701 3664 Scylace
722 3600 750 3646 et
776 3606 813 3645 ex
835 3587 966 3646 Hecataeo
987 3588 1076 3647 refert
1121 3588 1187 3646 dam
1200 3586 1284 3648 Darii
1297 3585 1386 3644 Nothi
1405 3597 1550 3643 coaetaneo
1564 3581 1664 3660 loqui,
1680 3577 1777 3639 cedde
1787 3587 1887 3634 vetusto

287 3683 454 3754 Athenaeus,
469 3682 545 3761 apud
558 3702 644 3760 quem
654 3683 680 3742 si
693 3683 828 3742 laudatur
842 3681 947 3750 Σκύλαξ
962 3681 978 3753 ἢ
992 3682 1076 3742 nott-
1120 3682 1316 3762 logographo,
1339 3700 1426 3761 quem
1442 3677 1497 3738 sub
1512 3679 1602 3737 Dario
1626 3674 1779 3754 Hystaspis
1790 3671 1888 3730 vixisse

318 3907 351 3970 (t)
364 3905 402 3957 ct.
418 3907 521 3958 Vincerat
535 3905 586 3960 Tite
595 3919 733 3958 commarca
745 3907 801 3959 aad
810 3911 896 3970 accip.
908 3905 990 3969 ostile
999 3907 1119 3957 andesc
1131 3907 1160 3956 ln
1169 3905 1212 3956 tte
1224 3904 1319 3956 ludica
1328 3917 1408 3955 ocrea
1424 3906 1485 3953 tom.
1498 3906 1531 3962 n,
1543 3915 1568 3965 p.
1583 3905 1611 3951 14
1623 3921 1629 3952 τ
1648 3920 1661 3944 ι
1672 3900 1747 3951 tuis
1762 3899 1781 3949 lt
1791 3897 1847 3947 lron
1855 3907 1890 3955 uu

286 3979 348 4028 vvialr
357 3979 511 4040 wauloulyto
521 3977 635 4028 discredit
646 3991 694 4041 any
706 3977 827 4027 historica!
838 3977 889 4027 lact
899 3977 1030 4040 supported
1044 3990 1076 4026 on
1087 3977 1264 4039 lbelmtimony
1278 3975 1305 4025 ol
1311 3975 1371 4024 such
1388 3988 1403 4024 a
1415 3974 1499 4024 writer
1512 3987 1539 4022 as
1552 3971 1705 4033 Herodotus;
1721 3970 1765 4019 bnt
1781 3969 1844 4048 there
1855 3979 1891 4013 arc

283 4049 437 4112 insuperable
445 4049 583 4098 difficultlea
592 4049 754 4111 lnadmlttlng
767 4047 917 4111 tbisvoyage
930 4049 958 4098 ol
965 4049 1066 4110 strutar,
1083 4061 1113 4096 or
1122 4046 1176 4096 that
1189 4047 1217 4095 ot
1227 4047 1270 4096 the
1284 4045 1426 4096 Pheniclam
1438 4043 1515 4092 round
1528 4043 1569 4093 the
1576 4043 1704 4091 continent
1717 4039 1744 4089 ol
1757 4034 1891 4114 alnmrfltle

285 4122 389 4182 greatest
405 4120 431 4168 al
438 4119 470 4169 all
479 4119 509 4180 is,
517 4119 572 4170 that
582 4133 614 4170 no
623 4132 799 4184 consequences
808 4119 910 4168 accrued
923 4119 983 4168 lrom
996 4119 1079 4168 otther.
1090 4118 1153 4168 That
1172 4115 1307 4166 Herodotus
1316 4113 1428 4165 received
1441 4113 1485 4163 the
1495 4114 1600 4162 account
1610 4112 1637 4160 ot
1650 4111 1710 4160 both
1719 4110 1779 4158 lrom
1793 4109 1890 4155 Persam

285 4205 313 4239 or
325 4191 463 4253 Egyptians,
475 4191 495 4241 is
511 4189 669 4254 undcaiable;
688 4191 742 4240 that
755 4191 812 4253 they
825 4204 891 4240 were
906 4189 1043 4253 performed
1054 4190 1099 4239 lea
1114 4202 1172 4252 very
1187 4187 1300 4237 different
1315 4185 1524 4236 considerationi
1542 4184 1574 4233 do
1590 4188 1633 4233 aot
1647 4181 1804 4262 dwelltupon
1814 4177 1852 4226 the
1861 4175 1888 4221 la·

284 4261 373 4310 bulcus
384 4263 438 4322 part
451 4259 478 4309 ol
491 4259 528 4328 his
537 4265 642 4310 account
659 4259 687 4309 ol
698 4258 780 4318 ludim
797 4259 900 4310 because
912 4272 973 4309 eren
984 4259 1021 4309 hia
1030 4258 1105 4309 lablee
1118 4259 1208 4309 harea
1222 4258 1362 4308 foundation
1376 4257 1401 4308 ln
1420 4257 1484 4318 lact3
1501 4255 1546 4305 but
1558 4257 1569 4304 1
1585 4257 1674 4303 munet
1688 4250 1843 4301 believelrom
1856 4246 1891 4293 llre

284 4333 347 4380 state
358 4330 387 4380 ol
398 4330 535 4393 navigation
549 4331 574 4380 la
591 4331 644 4381 that
656 4343 710 4392 age,
722 4330 776 4380 that
791 4330 883 4380 skulan
894 4330 966 4380 could
975 4331 1081 4392 perlmm
1094 4345 1109 4381 a
1125 4345 1217 4394 voyage
1232 4330 1310 4381 round
1320 4329 1417 4391 arabia,
1429 4329 1492 4378 lrom
1510 4327 1593 4376 which
1608 4327 1651 4376 tlte
1661 4325 1758 4374 brevest
1770 4321 1858 4372 oliecn
1869 4317 1892 4365 ol

284 4400 421 4452 Alexander
434 4401 525 4450 sltrnnlr
532 4417 540 4463 ;
550 4415 579 4451 or
592 4401 646 4452 that
658 4414 715 4450 meu
728 4401 785 4450 vvho
800 4400 847 4450 bad
857 4400 970 4462 exploret
986 4401 1028 4450 the
1038 4401 1118 4452 desert
1127 4405 1193 4452 coast
1202 4401 1230 4450 ol
1242 4400 1367 4460 Gadrtsla,
1379 4398 1468 4450 sbould
1479 4397 1510 4447 be
1523 4398 1571 4447 leae
1586 4395 1671 4456 ἀντίας
1684 4394 1743 4442 than
1755 4404 1786 4440 an
1795 4400 1890 4449 uncxpe-

284 4472 382 4522 rienced
402 4474 482 4522 native
495 4473 523 4522 ol
538 4473 674 4536 caryanda.
691 4472 757 4533 They
770 4471 883 4522 returned
900 4471 961 4522 with
972 4474 1124 4522 amazcment
1143 4473 1206 4522 from
1217 4471 1261 4520 the
1276 4470 1340 4532 sight
1354 4469 1382 4519 ol
1394 4465 1554 4525 tiusscudon,
1570 4465 1645 4515 while
1662 4463 1755 4543 strutar
1772 4455 1890 4508 sucreelel

283 4543 410 4592 vritlrouta
421 4541 538 4607 dllltculty
548 4557 613 4608 upon
626 4543 719 4594 record.
734 4545 781 4594 But
791 4543 834 4593 the
845 4542 965 4592 obstantes
973 4545 999 4593 to
1010 4543 1070 4592 suclr
1082 4554 1197 4604 avoyage
1211 4553 1253 4592 are
1264 4551 1404 4589 numerous.
1417 4558 1430 4583 ν
1441 4538 1595 4587 enumeratis
1604 4534 1744 4593 obstamus,
1754 4531 1815 4580 hanc
1826 4539 1891 4590 appe

284 4615 323 4665 nit
332 4611 486 4664 coronidem:
497 4633 510 4659 α
520 4616 597 4666 These
606 4614 653 4666 and
666 4615 780 4675 avertety
790 4613 896 4664 alotlrer
907 4612 1054 4672 difficulties,
1067 4613 1147 4663 which
1157 4611 1282 4662 ltearcbus
1295 4609 1456 4673 experieaced
1469 4609 1532 4658 lrom
1547 4608 1645 4666 lamine,
1661 4605 1724 4655 trem
1736 4603 1803 4651 nant
1814 4599 1839 4648 ot
1848 4611 1890 4679 vra·

283 4689 331 4743 ter,
345 4683 406 4732 lrom
418 4683 459 4733 tlte
471 4683 533 4735 built
542 4685 612 4735 ollris
622 4685 709 4736 vessels
717 4685 766 4735 and
774 4685 834 4734 trom
846 4683 1008 4734 themaaners
1016 4685 1043 4734 ol
1053 4684 1095 4732 the
1104 4685 1204 4745 cauves,
1215 4683 1282 4732 must
1293 4680 1380 4732 induce
1391 4693 1423 4731 an
1431 4678 1609 4741 incredulitate
1621 4673 1706 4738 regard
1718 4673 1746 4722 ol
1752 4671 1793 4722 the
1804 4673 1890 4720 Persian

284 4756 402 4813 account,
414 4754 539 4804 whatever
552 4759 646 4818 respect
658 4769 697 4806 τοο
708 4769 763 4818 may
774 4756 836 4806 have
846 4757 873 4804 to
882 4755 924 4805 the
936 4755 1027 4818 ddelity
1036 4754 1064 4803 ol
1075 4755 1218 4804 Herodotus.
1230 4771 1243 4797 ν
1678 4813 1685 4827 ,

318 4824 364 4887 (**)
376 4827 494 4875 recma
502 4826 527 4876 ia
539 4827 645 4876 Hecataei
657 4825 796 4889 fragmentis
806 4825 897 4876 mentio
908 4825 937 4874 tit
949 4824 1081 4886 caspapyri
1089 4824 1158 4874 urbis
1167 4825 1192 4873 et
1204 4823 1320 4886 optaram
1332 4821 1465 4883 (illiorum
1474 4818 1605 4870 Herodoti?
1614 4818 1633 4879 )‚
1644 4828 1686 4878 qur
1696 4812 1783 4864 tndem
1795 4807 1892 4859 emolere

282 4893 399 4945 dicuntur
413 4895 510 4946 aliunde
525 4908 575 4946 nou
584 4897 648 4958 uoti,
658 4910 730 4960 porro
751 4895 918 4948 Gaadararum
928 4897 954 4946 et
966 4897 1113 4947 Galatarum
1124 4895 1246 4958 (qaorum
1255 4895 1347 4944 mendo
1363 4891 1579 4952 existerimus.
1595 4885 1747 4940 {luctatum
1759 4885 1802 4942 tlt.
1810 4887 1838 4932 tt
1849 4879 1858 4942 l

284 4969 397 5026 argentae
410 4967 476 5018 urbis
489 4966 585 5028 ignote.

316 5035 374 5098 (ml
389 5041 450 5096 Qum
462 5041 547 5090 matra
560 5037 769 5088 monuitttiebuhr
782 5038 799 5088 l.
817 5037 835 5088 l.
854 5049 878 5100 p.
896 5041 940 5086 tto
953 5035 1095 5100 Dionysiam
1103 5037 1224 5090 lichum
1235 5037 1339 5088 alterma
1351 5035 1394 5099 qul
1404 5031 1633 5087 antiochumromt
1645 5022 1819 5091 συγγραφέα
1834 5017 1889 5068 serv

284 5108 394 5170 ἀρχαῖον,
404 5107 509 5169 pondere
523 5111 597 5159 caret.
1616 5135 1619 5138 ·
1738 5165 1744 5178 Ι
1834 5159 1839 5169 ,

317 5177 391 5240 l**'*)
402 5179 518 5231 Niebuhr.
533 5181 549 5232 l.
558 5181 576 5231 l.
587 5194 611 5244 p.
624 5187 667 5232 leit
679 5184 746 5231 not:
757 5200 769 5224 ο
778 5179 896 5232 AElterals
906 5178 945 5230 die
957 5192 986 5228 au
995 5170 1632 5252 oondmtinopelvriederbergaetelltcgmmmattscbe
1637 5166 1729 5251 sehale
1737 5166 1769 5216 ast
1775 5160 1891 5221 flebilem

282 5247 361 5300 dieses
376 5251 499 5302 scholium
512 5251 585 5304 nlclrt.
600 5256 647 5304 Der
666 5251 794 5304 Gebmuclr
805 5251 848 5302 des
859 5249 958 5302 Wartes
969 5248 1100 5314 φρόντισμα
1111 5249 1151 5300 tur
1162 5249 1241 5310 Buch,
1258 5245 1428 5308 abhandlung,
1442 5244 1474 5296 ’ut
1487 5237 1708 5304 aeubyaantrmwh·
1720 5254 1734 5280 ¹·
