3950 5925
671 400 916 461 STADIASMUS
940 400 1061 460 MAlllS
1084 401 1218 461 MAGNI.
1690 420 1747 469 485

179 556 226 595 tat.
241 532 303 593 'Attii
315 536 366 591 τῶν
384 533 508 613 Κραυνῶν
518 533 561 590 ἐπὶ
575 530 608 589 τδι
620 533 776 611 Πισοόργια,
788 531 919 608 εὐώνυμον
1004 542 1063 607 189.
1085 542 1107 592 A
1127 541 1236 593 Craunis
1252 540 1285 593 ad
1299 542 1432 610 Pisurgia,
1447 544 1619 613 Crambusarn
1641 546 1751 599 insulam

138 621 278 700 ίχοντιτὴν
292 620 488 701 Κράμόουσαν,
502 619 603 678 στάδιοι
611 619 663 695 με’.
706 619 920 699 Artemitam·
964 628 1104 680 asinistris
1124 627 1247 693 habenti,
1265 628 1347 681 stadia
1366 630 1409 691 45.
1449 630 1491 683 Ab
1512 632 1704 701 Aphrodisiade
1718 633 1751 685 ad

137 708 306 776 distribuisti
318 709 351 766 τά
367 707 512 786 Πισούργια
525 706 626 765 στάδιοι
638 706 687 785 ρκ’.
965 716 1082 783 Pisurgia
1092 714 1175 767 stadia
1187 732 1245 769 rao.

179 820 226 859 rao.
251 798 314 859 Ἀπὸ
322 802 375 856 τῶν
389 795 554 875 Πισαυργίων
567 798 602 862 είς
614 796 711 854 κόλπον
723 794 848 874 Βερνίκην
861 794 921 853 στά-
1006 819 1064 870 19ο.
1085 805 1108 854 A
1127 802 1252 870 Pisurgiis
1271 802 1304 855 ad
1316 806 1402 856 sinum
1418 805 1546 857 Berenicae
1560 804 1642 858 stadia
1661 824 1752 858 nume·

111 908 124 946 s
138 888 185 944 διοι
197 886 229 948 ν’.
967 900 1060 942 rantur
1071 890 1113 942 50.
1596 883 1603 897 ⁸

179 994 225 1034 ter.
251 972 334 1055 [Ἀπὸ
346 971 471 1050 Βερνίκης
481 971 524 1028 ἐπὶ
534 968 686 1048 Κελένδεριν
697 970 798 1028 στάδιοι
806 970 828 1025 ν’
839 966 862 1049 l.
1007 994 1065 1045 191.
1089 976 1134 1045 [A
1145 977 1261 1030 Berenice
1275 978 1311 1030 ad
1325 980 1476 1033 Celenderim
1487 979 1578 1033 stadia
1594 982 1656 1051 io]

178 1082 225 1123 111.
248 1059 313 1119 Ἀπὸ
326 1059 503 1138 Κελενδίρεαις
514 1060 550 1125 εἷς
565 1055 705 1127 Μανδάνην
718 1055 817 1116 στάδιοι
830 1055 861 1135 ρ’.
1008 1080 1065 1131 191.
1088 1063 1258 1117 ACclenderi
1272 1064 1306 1117 ad
1319 1065 1468 1119 Mandanen
1480 1068 1563 1120 stadia
1580 1086 1637 1122 100.

181 1167 228 1208 111.
252 1147 316 1207 ’Ani
330 1145 473 1216 Μανδάνης
485 1147 527 1203 ἐπ’
546 1143 706 1224 άκρωτηριον
722 1144 860 1203 Ποσείδιον
873 1166 924 1200 κα·
1009 1152 1068 1219 193.
1087 1150 1256 1205 AMandane
1274 1152 1307 1205 ad
1325 1154 1460 1209 Posidium
1480 1155 1551 1225 quod
1571 1167 1677 1209 vocatur
1692 1174 1753 1226 pro·

138 1236 263 1313 λούμενον
275 1233 376 1292 στάδιοι
388 1232 432 1301 ξ’.
971 1239 1133 1290 montorium
1144 1237 1226 1291 stadia
1239 1244 1282 1293 60.

99 1344 123 1380 ru
181 1342 229 1380 tet.
253 1320 317 1380 Ἀπδ
326 1320 470 1388 Μανδάνης
480 1318 523 1377 ἐπὶ
531 1317 563 1375 τίι
571 1317 777 1397 Διονυσοράνους
785 1316 886 1376 στάδιοι
893 1316 925 1374 λ’.
1011 1328 1069 1393 194.
1090 1324 1253 1378 AMandane
1262 1325 1294 1377 ad
1302 1326 1389 1379 locum
1397 1328 1608 1399 Dionysophanis
1618 1329 1699 1382 stadia
1709 1330 1752 1383 30.

184 1427 231 1465 1111.
261 1407 326 1466 ’tat
352 1403 451 1487 [τῶν]
476 1404 681 1483 Διονυσοράνους
705 1404 740 1468 είς
762 1402 926 1480 Ῥυγμανοὺς
1011 1412 1069 1479 195.
1091 1411 1447 1483 AlocoDionysophanisad
1457 1416 1753 1486 Rhygmanossuntsta·

41 1516 45 1522 ·
140 1494 239 1552 στάδιοι
252 1495 286 1555 ν’.
972 1500 1017 1554 dia
1028 1500 1070 1555 50-

140 1782 175 1843 V,
195 1798 210 1847 7
228 1795 234 1832 :
255 1776 395 1849 Sarpedon,
418 1776 519 1839 Cumis,
541 1775 691 1828 &lauderis
714 1774 811 1827 Nostro
822 1792 929 1845 quoque
969 1775 1050 1843 Κητδν
1063 1775 1151 1847 λιμένα
1165 1777 1333 1831 scribendum
1347 1782 1487 1850 proposui,
1500 1779 1572 1850 quod
1586 1780 1756 1835 confirmatur

140 1858 199 1909 looo
208 1857 287 1909 luisse
297 1854 560 1927 putollpoosoieffif.
572 1853 678 1924 Κραυνοί
690 1854 791 1906 Pontici
802 1870 845 1923 ap.
859 1854 929 1907 Stra·
969 1855 1132 1924 aliquatenus
1144 1873 1186 1920 eo,
1201 1855 1273 1926 quod
1296 1874 1369 1909 nunc
1387 1858 1423 1909 ibi
1443 1859 1651 1921 estha-limem,
1669 1878 1756 1931 aquo

143 1936 206 1988 bon.
227 1953 255 2005 p.
279 1935 330 2002 319
347 1944 397 1985 cte.
409 1933 430 2003 ).
447 1933 664 1985 Promontorium
677 1934 739 1983 satis
756 1933 929 2002 conspicuum
970 1949 1067 1985 nornen
1079 1931 1159 1985 bodie
1172 1935 1354 2004 promontorio
1367 1934 1476 1987 inditur.

141 2008 930 2083 quomodonunoappelleturnescio;adjacetinsula(Papa·
1006 2014 1021 2078 S
1043 2016 1102 2067 tat.
1127 2010 1185 2064 eet
1200 2012 1388 2083 Μανδάνης]
1414 2014 1532 2067 Debebat
1550 2014 1598 2068 άτδ
1612 2016 1754 2083 Honestior,

141 2092 231 2160 dreia),
244 2089 389 2143 Crambusa
397 2087 545 2141 Stadiasmi.
971 2090 1020 2142 nisi
1031 2088 1201 2143 fortasseerat
1213 2108 1218 2142 :
1233 2090 1308 2159 [Ἀπδ
1317 2092 1447 2143 Ποσειδίου
1456 2092 1489 2153 εἰς
1497 2091 1695 2163 Ἀρσινόηνσταδ.
1707 2096 1754 2167 λ’]

181 2177 240 2225 189.
254 2169 384 2238 ἔχοντι]
398 2166 490 2236 ἔχοντα
501 2165 573 2230 c0d.;
585 2184 637 2219 em.
651 2166 720 2219 Gall.
733 2166 744 2235 Ι]
754 2164 930 2235 -Πισοόρ·
974 2167 1029 2221 Aet
1045 2167 1164 2238 Ἀρσινόης
1175 2169 1214 2222 ἐπὶ
1223 2169 1252 2221 τά
1266 2170 1457 2240 Διονυσοφάνους
1466 2171 1521 2234 κτλ,
1535 2174 1637 2226 Etenim
1648 2174 1758 2227 excidis-

143 2246 426 2320 για]11111]ισσοόργια
444 2246 484 2298 vel
502 2244 668 2316 Πισσουργεῖα
682 2244 716 2297 de
728 2244 793 2316 picis
813 2243 930 2297 lontibus
971 2264 998 2299 se
1009 2248 1088 2299 unius
1104 2246 1153 2299 loci
1165 2250 1325 2301 mentionem
1340 2250 1466 2319 suspicari
1480 2253 1562 2319 possis
1571 2251 1644 2321 quod
1654 2270 1756 2305 summa

145 2328 321 2398 fabricisque?
334 2325 449 2380 Aliunde
461 2343 515 2378 non
529 2335 609 2377 notus
618 2324 701 2377 loeus.
971 2323 1117 2378 stadiorum
1135 2326 1199 2390 130,
1215 2344 1273 2396 quae
1289 2328 1315 2377 in
1327 2325 1419 2378 codice
1432 2337 1493 2380 sunt
1505 2346 1519 2381 a
1530 2328 1637 2382 Posidio
1647 2330 1680 2383 ad
1690 2334 1757 2384 Ane-

179 2412 269 2476 §t9tt
292 2405 411 2459 κόλπον
426 2404 595 2474 Βερνίκην]
611 2402 693 2456 iuerit
716 2424 740 2455 κ.
758 2402 873 2473 Βερνίκης
890 2403 931 2455 vel
972 2405 1100 2467 murium,
1125 2404 1197 2474 justo
1220 2405 1308 2457 minor
1328 2415 1376 2458 est.
1397 2407 1527 2459 Arsinoen
1547 2408 1659 2474 Cilicia,
1683 2408 1757 2479 cujus

143 2486 176 2548 είς
188 2487 281 2539 κόλπον
290 2485 332 2537 καί
348 2483 421 2537 πόλιν
438 2484 564 2552 Βερνίκην,
584 2499 745 2552 quamquam
762 2480 814 2533 boc
825 2498 931 2551 quoque
971 2482 1150 2534 meminerunt
1159 2482 1251 2535 Strabo
1264 2484 1326 2552 (qui
1338 2484 1477 2553 κρόσορμον
1488 2486 1510 2536 ei
1523 2484 1637 2557 tribuit),
1648 2487 1756 2551 Plinius,

143 2576 235 2617 contra
257 2581 336 2617 usum
361 2563 504 2631 scriptoris.
525 2563 565 2613 De
583 2558 669 2613 forma
687 2559 788 2630 Βερνίκη
809 2557 844 2611 ci.
860 2562 928 2628 557.
971 2560 1052 2622 Ptol,
1067 2560 1443 2631 Stephan.,Tab.P.,Geogr.
1457 2564 1520 2614 ilar.
1534 2566 1757 2629 etc.,rixomise·

143 2644 284 2696 Berenicen
299 2642 395 2695 Ciliciae
414 2639 561 2710 Stephanus
574 2639 634 2692 loco
645 2640 739 2709 quinto
759 2639 828 2690 inter
847 2642 931 2691 varias
972 2638 1007 2690 rit
1016 2648 1117 2703 auctor,
1128 2639 1173 2710 qui
1184 2640 1211 2691 in
1220 2649 1320 2692 antece.
1334 2642 1477 2693 Berenicen
1491 2644 1656 2695 memoravit.
1670 2645 1758 2696 Minus

143 2723 279 2775 Berenioes
290 2729 415 2772 recenset.
430 2716 544 2771 Aliunde
554 2735 608 2769 non
620 2728 682 2770 nota
695 2716 768 2769 urbs.
971 2714 1025 2768 buc
1041 2716 1102 2770 lacit
1112 2717 1185 2788 quod
1205 2718 1260 2787 ipso
1269 2717 1365 2771 Noster
1378 2716 1447 2771 infra
1464 2719 1491 2770 in
1504 2718 1584 2789 Cypri
1603 2721 1704 2792 periplo
1718 2722 1758 2775 di-

178 2804 193 2867 §
210 2805 271 2855 tet.
281 2798 384 2851 Inclusa
395 2795 523 2867 supplevi.
539 2796 711 2865 Superstitem
723 2793 802 2864 hujus
812 2794 862 2847 loci
873 2812 932 2866 par·
972 2794 1022 2847 cit:
1034 2794 1081 2847 άπδ
1095 2794 1274 2867 Ἀκάμαντος...
1286 2794 1318 2857 εἰς
1329 2795 1452 2867 Ἀρσινόην
1461 2801 1504 2863 τῆς
1512 2798 1621 2861 Κιλικίας
1630 2801 1699 2853 σταδ.
1711 2809 1756 2864 σο’,

144 2889 197 2930 tero
208 2876 428 2945 vidimussupras
441 2870 781 2940 186.DeCelenderi(hod.
790 2871 931 2923 Kilandriu
972 2890 1055 2943 quum
1068 2884 1154 2945 pateat
1165 2874 1201 2926 ibi
1214 2874 1309 2928 Ciliciae
1321 2876 1450 2928 Arsinoen
1462 2894 1522 2929 cum
1537 2878 1632 2948 Cypria
1646 2879 1758 2933 coniun-

143 2977 165 3010 s.
188 2956 297 3011 Gulnar.
313 2954 322 3026 )
336 2972 360 3007 ν.
383 2952 474 3023 Scylax
494 2969 521 3022 p.
540 2955 585 3020 76,
607 2949 762 3022 Apollodor.
775 2952 824 3015 111,
843 2953 884 3015 rt,
903 2968 930 3015 a,
972 2950 1011 3004 di.
1025 2953 1147 3006 Ceterum
1161 2954 1227 3006 nihil
1240 2955 1268 3006 in
1281 2965 1335 3008 mm
1350 2956 1455 3008 incertis
1467 2954 1594 3025 dijudico,
1610 2975 1692 3028 quum
1702 2959 1758 3013 lieri

144 3036 238 3090 Strabo
252 3053 278 3106 p.
296 3039 348 3102 670
363 3033 375 3100 (
387 3030 527 3100 Κελένδερις
545 3028 616 3092 πόλις
628 3029 716 3100 λιμένα
728 3029 821 3098 ἔχουσα
830 3032 851 3098 ),
864 3029 932 3082 Mela
973 3033 1064 3101 possit,
1075 3043 1103 3085 ut
1111 3033 1319 3087 velhoclooovel
1327 3035 1354 3086 in
1364 3051 1422 3103 sqq.
1433 3031 1562 3087 distantia
1569 3045 1630 3088 nota
1637 3050 1759 3111 corrupta

146 3118 176 3178 I,
208 3115 238 3167 13
260 3109 426 3184 (Celenderis
441 3121 465 3162 et
484 3108 609 3176 Nugidus
628 3107 736 3162 colonie
754 3108 929 3176 Samiorum),
973 3110 1015 3160 sit.
1028 3112 1120 3163 lluinae
1134 3113 1257 3164 Arsinoes
1267 3111 1320 3164 sere
1333 3110 1496 3164 mediaesunt
1508 3113 1576 3164 inter
1587 3115 1722 3170 Posidium
1734 3129 1761 3171 et

145 3193 243 3245 Plinius
257 3193 293 3255 V,
307 3207 341 3244 aa
355 3193 370 3258 ς
384 3205 418 3257 91
441 3187 450 3260 (
467 3187 536 3255 regio
549 3185 714 3239 Celenderitis
727 3205 786 3238 cum
803 3186 929 3262 oppido),
973 3186 1035 3257 Sigy
1050 3189 1170 3255 flurium,
1188 3191 1277 3262 paucis
1295 3190 1328 3243 ab
1343 3208 1389 3242 ora
1406 3188 1529 3259 sejunctae
1545 3191 1643 3246 stadiis.
1660 3195 1759 3248 Gallius

144 3270 277 3324 Hierocles
288 3287 315 3339 p.
329 3270 382 3339 708
394 3269 405 3333 (
419 3266 465 3318 ubi
481 3283 550 3318 oorr.
572 3265 708 3334 ίίελισδέρη
719 3265 740 3336 ),
751 3267 785 3319 G.
799 3265 831 3316 tt.
852 3266 888 3326 V,
904 3283 931 3330 7.
974 3277 1094 3322 nostrum
1106 3270 1319 3340 Dionysophanis
1331 3270 1419 3321 locum
1431 3285 1481 3339 pro
1494 3271 1606 3324 Arsinoe
1618 3278 1758 3328 memorari

144 3353 180 3414 Π,
195 3367 235 3419 17·
974 3356 1071 3398 censet.
1086 3345 1096 3415 Ι]
1106 3347 1408 3416 -Διιινασοράνους]
1417 3346 1602 3418 Διονυσιράνους
1610 3351 1649 3403 bis
1661 3351 1758 3416 codex;

180 3433 269 3498 5192.
287 3425 442 3495 Μανδάνην]
459 3423 538 3496 Apud
552 3425 683 3495 Scylacem
702 3435 761 3495 post
777 3422 932 3477 &moderin
974 3441 1071 3476 nomen
1089 3424 1195 3477 aliunde
1207 3443 1261 3476 non
1275 3435 1378 3477 uotum.
1390 3426 1483 3478 Dictus
1495 3425 1567 3480 locus
1577 3427 1758 3500 fueritaprin-

144 3508 263 3578 sequitur
274 3505 366 3566 Μυοῦς,
382 3502 454 3573 quod
463 3521 560 3555 nomen
572 3503 757 3556 terminatione
770 3501 841 3573 apud
855 3505 933 3556 Cares
974 3502 1031 3572 cipe
1046 3501 1085 3554 vel
1097 3502 1164 3558 duee
1175 3504 1272 3573 aliquo,
1281 3505 1356 3556 sicuti
1373 3505 1400 3555 in
1415 3505 1500 3557 Ponto
1512 3505 1592 3558 habes
1609 3507 1639 3559 τὰ
1648 3509 1759 3562 Νεοπτο-

145 3585 354 3657 frequentissima
362 3593 402 3635 est
410 3581 527 3652 Myanda
536 3583 563 3634 iu
573 3581 684 3635 Pliniol.
696 3583 713 3634 l.
728 3585 779 3634 :In
788 3582 933 3636 continente
973 3580 1050 3650 λέμου
1064 3593 1090 3634 et
1105 3584 1131 3634 in
1145 3583 1242 3652 Libyca
1262 3600 1307 3635 ora
1321 3580 1414 3648 (Stati.
1430 3585 1445 3650 5
1463 3587 1514 3653 17)
1527 3584 1556 3637 τά
1578 3585 1647 3638 Καλα
1668 3588 1721 3639 αίου
1735 3600 1761 3641 et

145 3663 245 3737 oppidu
260 3660 387 3731 Myanda,
410 3660 582 3724 Coracesium,
603 3659 784 3712 Anemurium.
808 3659 930 3713 Eundem
973 3659 1022 3711 alia
1036 3659 1139 3714 similia.
1152 3661 1255 3713 Nomen
1274 3661 1453 3731 Διονυσοφάνης
1473 3673 1557 3716 exstat
1570 3682 1612 3734 ap.
1631 3607 1758 3720 liirodot.

144 3745 231 3795 locum
241 3751 366 3811 corrupto
375 3740 492 3803 nomine,
503 3748 533 3790 ut
542 3737 655 3803 videtur,
668 3737 829 3791 Stadiasmus
840 3739 931 3792 tradit.
974 3739 1023 3802 IX,
1038 3738 1070 3792 58
1086 3750 1112 3791 et
1126 3739 1234 3792 sortasse
1252 3740 1321 3793 alibi.
1341 3741 1385 3793 Sin
1400 3752 1556 3812 corruptum
1574 3761 1602 3795 n.
1624 3744 1642 3797 Ι.
1663 3762 1759 3798 nomen

148 3819 226 3892 Apud
240 3819 395 3873 Strabonem
402 3835 429 3888 p.
441 3822 494 3886 670
503 3827 563 3888 post
572 3816 737 3869 Celenderim
745 3827 930 3870 recensentur:
974 3816 1116 3882 habemus,
1139 3820 1225 3870 nescio
1239 3837 1272 3871 an
1294 3819 1346 3872 huc
1361 3819 1505 3872 trahendus
1525 3822 1559 3873 sit
1574 3821 1689 3887 Plinius,
1715 3827 1760 3894 qui

145 3900 218 3959 τόπος
231 3896 353 3962 Μελανία,
373 3895 481 3966 Ἀρσινόη
490 3895 631 3965 πρόσορμαν
649 3893 752 3964 ἔχουσα,
766 3894 873 3965 Νάγιδος
887 3899 933 3948 πό·
974 3898 1044 3948 inter
1054 3897 1150 3949 Ciliciae
1162 3897 1255 3949 lluvios
1268 3909 1396 3951 memorat
1407 3898 1581 3970 Diophanem,
1593 3899 1760 3963 Andromene,-

146 3978 193 4042 λις,
212 3976 374 4046 Ἀνεμοόριον,
391 3977 418 4027 in
431 3974 571 4044 quibusan
589 3973 702 4047 Melania
713 3971 746 4024 ad
760 3983 880 4026 nostrum
895 3975 933 4027 lo·
974 3976 1135 4044 pertinerent
1151 3975 1221 4028 hiad
1233 3976 1320 4029 sinum
1332 3978 1452 4041 Issicum,
1466 3979 1487 4028 si
1504 3995 1535 4029 ex
1554 3977 1648 4031 ordine
1661 3980 1760 4034 Plinius

147 4074 207 4108 cum
216 4057 355 4127 pertineat,
363 4072 455 4117 necne,
466 4055 602 4124 quaritur.
613 4053 727 4104 Centum
736 4051 821 4105 stadia
832 4052 934 4106 ducunt
974 4054 1083 4106 nomina
1107 4065 1267 4117 recenseret,
1291 4054 1336 4106 sed
1358 4071 1441 4124 quum
1457 4055 1550 4107 seriem
1564 4056 1761 4110 tumultuariam

146 4133 180 4186 ad
194 4136 283 4187 ruinas
294 4132 359 4187 hod.
372 4132 471 4185 Alsos.
488 4132 590 4200 Viginti
598 4129 653 4182 sere
666 4147 682 4182 a
694 4129 832 4183 Celenderi
844 4131 934 4185 stadiis
975 4131 1108 4197 exhibeat,
1126 4143 1204 4202 atque
1215 4133 1356 4186 Androcus
1373 4151 1447 4186 mons
1458 4133 1485 4185 in
1500 4135 1619 4204 proxime
1630 4140 1760 4206 sequenti-

146 4215 211 4266 alius
222 4223 260 4265 est
274 4211 491 4264 ruinarumlocus
504 4209 645 4272 Saul-Son,
656 4226 736 4278 quern
751 4211 892 4281 Kiepertus
906 4213 933 4263 in
975 4209 1024 4262 bus
1038 4221 1159 4263 occurrat
1175 4210 1184 4282 (
1201 4229 1224 4263 ν.
1241 4222 1297 4264 not.
1312 4211 1344 4264 ad
1358 4216 1372 4279 §
1385 4215 1455 4280 199)
1468 4227 1474 4262 ι
1490 4211 1544 4264 fieri
1558 4223 1643 4283 potest
1656 4226 1687 4267 ut
1699 4217 1760 4268 Dia-

146 4291 213 4343 Tab.
224 4291 401 4342 XXGraecar.
417 4287 503 4340 colon.
522 4287 641 4338 Melania
654 4287 790 4340 Strabonis
807 4286 932 4353 vindicat,
975 4289 1074 4360 phanes
1092 4290 1188 4341 fluvius
1199 4288 1233 4341 sd
1250 4300 1366 4342 nostram
1383 4291 1515 4358 regionem
1534 4292 1672 4361 pertineat,
1688 4311 1760 4346 com·

146 4386 194 4437 ego
209 4368 294 4421 relero
308 4366 342 4420 ad
354 4372 431 4436 Sym
445 4366 595 4436 Geographi
605 4367 668 4417 llas.
685 4368 722 4429 11,
738 4383 780 4435 17,
790 4366 837 4419 ubi
849 4369 934 4419 nomi·
975 4367 1165 4439 ponendusque
1179 4368 1212 4420 sit
1232 4385 1293 4420 cum
1315 4367 1444 4420 hodierno
1462 4368 1629 4438 Sigyssuvio,
1639 4370 1673 4422 ad
1682 4390 1759 4442 quem

146 4465 212 4500 num
227 4449 306 4499 series
321 4463 328 4499 t
344 4444 496 4507 Celenderis,
516 4450 593 4514 Stre,
609 4445 735 4509 Arsinoe,
750 4447 931 4500 Anemurium.
976 4447 1006 4499 τά
1016 4447 1207 4516 Διονυσοφάνους
1216 4446 1352 4499 Stadiasmi
1365 4446 1487 4517 ponenda
1500 4458 1571 4512 sunt,
1586 4449 1643 4501 siin
1652 4452 1760 4503 metien-

147 4526 188 4579 Cl.
203 4526 293 4596 Steph.
304 4527 366 4595 Byz.
377 4542 403 4576 ν.
417 4523 492 4576 Σοκαί
501 4534 527 4575 et
536 4522 677 4576 Athenaeus
688 4541 716 4594 p.
732 4527 777 4594 78,
788 4523 817 4588 B,
833 4526 878 4594 qui
890 4524 934 4576 Συ-
976 4526 1017 4577 dis
1028 4525 1157 4578 distantiis
1166 4524 1199 4577 ab
1210 4527 1354 4578 Anemurio
1365 4528 1546 4596 promontorio
1558 4531 1723 4596 processeris.
1739 4535 1760 4582 A

147 4607 203 4658 κέαν
219 4605 315 4658 Ciliciae
326 4603 420 4658 urbem
432 4601 518 4655 affert.
533 4601 609 4655 Adde
624 4601 702 4667 Σόκης
712 4603 875 4673 πολισμάτιον
889 4623 931 4675 ap.
976 4606 1057 4658 lluvio
1071 4622 1167 4657 nomen
1187 4603 1241 4656 indi
1265 4605 1352 4674 potuit
1371 4603 1498 4674 adjacenti
1513 4605 1621 4676 oppido.
1638 4607 1762 4660 Similiter

147 4685 312 4736 Constantio.
321 4681 451 4751 Porphyr.
464 4680 502 4734 l.l
516 4719 523 4744 ,
538 4681 584 4749 qui
594 4679 714 4734 ordinem
726 4681 845 4734 locorum
855 4682 934 4753 negli-
976 4701 1086 4753 sequem
1100 4683 1173 4734 Meus
1188 4682 1293 4734 alluvio
1310 4681 1396 4734 dictus
1411 4681 1497 4736 luerit.

124 4753 194 4831 'git
212 4762 313 4831 Viginti
335 4759 389 4812 fere
407 4769 467 4829 post
487 4758 576 4811 Adrus
597 4755 688 4812 stadiis
712 4759 769 4812 aliae
791 4773 935 4814 occurrunt
1012 4767 1103 4830 5195.
1128 4767 1177 4814 τῶν
1201 4763 1308 4814 inserui.
1327 4763 1337 4831 ll
1358 4786 1394 4802 *-
1416 4760 1635 4835 Ῥιιγμανοός]
1658 4767 1760 4818 Nomen

147 4859 239 4905 ruinae,
255 4839 289 4893 ad
309 4857 376 4910 quas
389 4837 529 4890 Melaniam
548 4837 683 4890 Strabonis
700 4837 780 4890 refert
794 4839 934 4909 Kiepertus
975 4839 1081 4893 aliunde
1101 4858 1154 4892 non
1174 4849 1277 4892 notum.
1298 4843 1339 4893 An
1362 4839 1528 4910 Ὀρόμαγδοιί
1548 4844 1624 4895 Certe
1641 4861 1761 4897 mensura

147 4921 175 4972 iu
187 4923 254 4973 Asiae
266 4920 376 4972 minoris
391 4935 480 4988 mapp.
493 4928 555 4970 sect.
571 4918 606 4969 V.
622 4919 741 4970 Fortasse
758 4918 811 4970 hue
822 4921 934 4988 pertinet
978 4919 1107 4984 distantiae
1120 4920 1233 4988 pertinet
1245 4917 1277 4970 ad
1297 4921 1386 4971 ruinas
1399 4921 1425 4970 iu
1440 4918 1532 4973 dextra
1546 4922 1602 4991 ripa
1617 4921 1688 4973 lluvii
1711 4925 1761 4974 Go-

147 4999 240 5062 Σάὶαν,
262 4998 334 5069 quod
353 4997 443 5068 Scylax
457 4997 674 5065 interMyuntem
687 5007 713 5048 et
731 4996 866 5049 Posidium
879 5015 933 5050 mo·
979 4997 1068 5048 zuleire
1080 4996 1171 5057 Tchui,
1185 4997 1230 5065 qui
1240 5007 1279 5048 est
1291 4994 1445 5067 ’θρόμαγδος
1456 4999 1467 5065 (
1479 4999 1516 5049 sic
1525 4997 1602 5050 codd.
1614 4997 1760 5066 Wilbergi;

148 5088 243 5130 rrrttrat.
982 5074 1126 5145 Ἀρόμκγδος
1142 5074 1218 5144 vulgo
1231 5075 1240 5145 )
1255 5075 1386 5128 Ptolemaei
1404 5094 1430 5146 p.
1449 5077 1509 5138 343.
1525 5075 1565 5129 Ab
1577 5079 1676 5129 oriente
1690 5077 1760 5130 llurii

183 5159 198 5222 S
220 5159 280 5209 193.
302 5155 389 5207 αταδ.
405 5151 443 5224 ξ’]
456 5155 494 5205 sic
514 5152 613 5217 codex3
630 5153 700 5204 σταδ.
722 5154 744 5213 ζ’
765 5154 831 5206 male
844 5155 930 5206 lriart.
977 5153 1065 5224 paullo
1076 5155 1229 5206 remotiores
1238 5154 1271 5206 ab
1288 5172 1333 5206 ora
1350 5155 1481 5208 maritima
1493 5165 1593 5208 exstant
1612 5157 1693 5207 ruina
1705 5159 1761 5209 ttu-

147 5236 189 5286 Cl'.
202 5233 291 5303 Scylax
313 5232 393 5302 :npbe
408 5232 434 5284 δὲ
457 5230 501 5297 τὴν
522 5231 602 5298 Σητδν
623 5232 710 5301 λιμένα
732 5231 869 5299 Ποσείδιον,
887 5233 933 5286 ubi
975 5232 1035 5299 gidi
1049 5233 1130 5296 urbis,
1144 5250 1222 5302 quam
1236 5244 1381 5287 memorant
1403 5235 1546 5299 Hecataeus,
1566 5235 1670 5305 Scylax,
1684 5235 1761 5300 Mela,
