3950 5925
231 420 289 474 m
851 404 900 461 aa
925 396 1232 459 acerrimorum:
1284 390 1287 395 ·
1787 396 1845 474 lit-l

148 553 223 604 I’hot.
272 562 308 603 aa,
321 538 385 601 Ὅτι
404 538 477 619 φησί,
490 535 534 598 'l'lr
555 534 601 611 μίν
624 534 671 600 ἕως
687 537 737 591 τῶν
751 533 863 611 Ταύρων
884 532 928 589 καὶ
942 534 1012 591 Πτο·
1094 538 1137 599 84.
1150 538 1219 587 Loca
1226 551 1284 603 quae
1300 543 1363 584 sunt
1374 532 1406 585 ad
1417 532 1552 585 Taurosct
1568 532 1754 585 Ptolemaidem
1764 551 1848 604 usqne.

233 629 357 708 λεμνίδνς
368 626 547 705 hpphreotnt,
569 624 602 680 ‘l‘
619 621 645 679 δὲ
665 618 788 700 ἀίωῖἶρῑν
800 620 897 679 τούτων
920 622 950 677 tlt
965 618 1014 688 thr
1056 632 1110 701 jam
1119 630 1322 702 explicatasunt.
1360 632 1407 682 His
1417 641 1504 683 autom
1512 629 1636 683 ulteriora
1645 631 1773 699 insignem
1782 632 1847 683 sub-

231 712 507 798 ωλοῦσαίλαμόἇίῑῑ
523 709 686 786 lmsswll'
701 710 785 767 ’“lml
803 708 854 787 ‘llll'
878 708 964 765 Οὐκέτι
980 706 1015 765 Τὰ
1060 739 1124 782 eunt
1154 730 1218 779 situs
1246 728 1435 791 mutationem
1465 745 1518 779 non
1548 728 1619 779 enim
1646 727 1680 778 ad
1710 726 1847 779 meridiem

233 806 354 874 ἐπέχω
366 801 429 882 πρὸς
441 797 611 877 dw'lllffil‘l‘w
631 802 677 869 τῆς
687 796 792 877 ’ίώίαςν
801 797 841 855 llll
850 794 877 853 ll
891 795 955 873 πρὸς
965 796 1014 867 τὴν
1060 824 1172 895 amplius
1187 823 1290 894 jacent,
1304 824 1350 876 sed
1362 824 1444 891 magis
1455 840 1485 875 ac
1499 824 1579 892 magis
1590 823 1623 875 ad
1638 833 1726 875 ortum
1738 842 1765 875 so
1775 825 1849 876 relle-

208 891 363 961 οᾶνατολὴν
385 887 539 969 ἄναστρίρει
559 888 670 963 μᾶλλον,
686 884 732 943 καί
754 884 801 952 else
828 883 903 949 σκιὰς
923 884 1015 961 βάλλει

232 978 296 1045 τέως
307 978 375 1036 δυεῖν
389 978 464 1055 ὡρῶν
477 976 513 1041 είς
521 973 565 1031 τὸν
578 972 753 1049 ἀντικείμενον
763 972 841 1030 τόπον
848 974 895 1041 τῆς
907 970 1013 1050 ἄρκτου.

232 1066 296 1127 'Etr
316 1064 343 1123 δὲ
361 1066 489 1141 ποταμοῖς
506 1062 675 1141 καταρρεῖται
691 1051 737 1125 τὰς
755 1065 842 1136 πηγὰς
860 1059 1016 1137 οἶνοιφαίνου·

232 1179 273 1214 οιν
297 1153 350 1211 ἀπὸ
370 1155 422 1210 τῶν
447 1150 578 1213 triento
604 1147 771 1223 καλουμένων
790 1150 865 1226 δρῶν.
907 1151 964 1217 Τῆς
988 1147 1016 1205 δὲ
1087 1209 1092 1219 ,
1183 1212 1188 1223 ¹
1229 1210 1234 1223 Ι
1561 1210 1566 1221 Ι
1765 1211 1770 1221 Ι

210 1243 355 1321 Ι,χώρκή
379 1240 426 1317 μὲν
448 1242 483 1304 εἰς
497 1237 545 1309 τὴν
566 1237 705 1313 μεσόγειαν
725 1234 893 1294 ἀνατείνουσα
914 1235 1017 1313 πλήρης
1061 1212 1249 1280 Ἑμυετομιοπιο
1266 1221 1364 1262 tractus
1388 1226 1478 1261 versus
1497 1208 1687 1261 nioeluerranea
1704 1220 1847 1280 pertinens,

190 1353 219 1393 to
234 1310 381 1409 ίλεροίντων
403 1327 448 1385 καί
466 1322 603 1404 praeripere
619 1322 665 1380 καί
685 1322 787 1400 ταύρων
805 1322 849 1379 καί
865 1326 927 1392 ὑῶν,
944 1322 1017 1381 τὰδὲ
1061 1307 1154 1377 plenus
1173 1317 1212 1359 ffil
1231 1306 1375 1378 ειρίὼιωῑίθ
1389 1325 1420 1359 ³⁰
1437 1306 1648 1359 fl¹l¹¹⁰⁰⁰l⁰llb¹¹⁵
1671 1307 1803 1377 ¹³¹¹fl⁸q¹¹⁶
1824 1318 1851 1359 ‘l

235 1420 270 1484 είς
284 1417 327 1474 τὸν
340 1416 419 1494 πόρον
441 1412 591 1484 καθήκοντα
610 1410 697 1481 νήσοις
712 1410 815 1468 ἅπαντα
825 1416 968 1468 πυκνοῦται
983 1416 1015 1489 τῇ
1061 1401 1168 1466 ⁵¹¹lb¹1⁵3
1181 1420 1240 1472 quae
1250 1400 1450 1455 V⁰I⁰³d⁵l¹¹¹¹¹¹¹
1461 1402 1623 1473 wlfingum,
1636 1402 1724 1455 fflfllllss
1734 1403 1851 1456 fflssletltt

236 1504 312 1584 picei
326 1503 374 1581 ple
386 1499 681 1583 ἀκάρποις,γεμοιίοαις
693 1497 721 1556 δὲ
730 1498 824 1576 ὀρνέων
834 1496 1017 1576 ἀνιστορήτοις
1062 1510 1124 1552 sunt
1147 1499 1251 1563 insulis,
1267 1516 1325 1569 quae
1340 1497 1475 1551 fructuum
1496 1500 1597 1569 inopes,
1615 1498 1718 1563 avibus,
1737 1516 1849 1570 quaram

1060 930 1152 986 olunt,
1172 931 1198 973 ct
1212 921 1319 972 umbras
1337 919 1368 971 ad
1383 920 1460 971 horas
1474 919 1589 987 binas(?)
1603 916 1746 990 projiciunt
1760 920 1786 972 in
1799 938 1847 991 op-

1061 1020 1172 1087 positam
1182 1014 1404 1087 septentrionibus
1414 1016 1526 1087 plagam.
1565 1015 1662 1068 Fluviis
1674 1017 1752 1067 etiam
1763 1017 1849 1087 tigan-

1062 1125 1115 1180 tur‚
1125 1114 1170 1184 qui
1184 1132 1198 1165 e
1215 1114 1335 1177 Psebaeis,
1350 1130 1416 1183 quos
1429 1122 1532 1175 vocant,
1546 1113 1681 1165 montibus
1691 1114 1847 1166 scaturiunt.

155 1694 228 1745 mon,
275 1692 312 1731 oe.
327 1669 392 1730 ’Aah
407 1668 434 1727 δὲ
446 1665 545 1727 τούτων
559 1672 610 1726 τῶν
628 1666 715 1725 τόπων
726 1663 771 1723 τὸν
786 1663 834 1740 μὲν
846 1665 898 1723 ἀπὸ
915 1668 1019 1725 Πτολε·
1100 1677 1144 1737 84.
1162 1674 1246 1745 (Cap.
1261 1678 1305 1737 41.
1320 1674 1329 1745 )
1349 1674 1486 1741 Navigatio
1501 1692 1515 1725 a
1530 1673 1690 1726 Ptolemaide
1704 1672 1736 1728 ad
1750 1676 1852 1727 Tauros

237 1754 329 1837 μαίδος
338 1758 493 1838 παράπλουν
505 1756 553 1823 ἕως
564 1759 616 1814 τῶν
628 1754 739 1832 Ταύρων
753 1754 923 1831 ἀκρωτηρίων
933 1776 1019 1830 προει·
1065 1763 1276 1831 promontorium
1296 1760 1464 1831 (Nooigntio
1487 1760 1525 1812 ad
1547 1764 1647 1813 Tomos
1667 1772 1693 1812 et
1713 1762 1853 1813 Ptolemai-

195 1872 220 1911 ta
237 1844 366 1924 ρήκαμεν,
385 1840 427 1900 ὅτε
451 1840 620 1917 Πτολεμαίου
640 1839 687 1909 τὴν
706 1843 757 1895 τῶν
778 1839 923 1917 ἐλεφάντινον
939 1840 1020 1918 θήραν
1065 1846 1121 1899 dem
1134 1846 1144 1918 )
1156 1846 1241 1917 joma
1259 1847 1336 1899 nobis
1356 1846 1482 1917 explicata
1493 1857 1549 1911 est,
1569 1847 1698 1916 quamde
1719 1848 1853 1901 Ptolemaei

237 1930 447 2008 οίττςγγειλαμεν.
490 1927 553 1987 Ἀπὸ
568 1926 595 1984 δὲ
609 1930 660 1983 τῶν
675 1925 787 2005 Ταύρων
803 1924 951 2005 ἐπιστρέφει
972 1926 1020 2003 μὲν
1065 1935 1134 1987 eirca
1145 1934 1344 2005 elephantorum
1357 1936 1521 1986 venationem
1537 1934 1626 1986 studio
1643 1934 1790 1989 dicebatur.
1830 1942 1850 1990 A

236 2016 403 2095 ἡπαριίλιος
421 2014 485 2093 πρὸς
499 2013 544 2080 τὰς
562 2012 703 2083 ἀνατολὰς,
724 2014 793 2072 κατδι
807 2012 834 2071 δὲ
857 2015 904 2083 τὴν
920 2014 1020 2094 θερινὴν
1064 2022 1158 2076 Tauris
1178 2024 1308 2075 maritima
1325 2040 1353 2075 se
1373 2020 1405 2074 ad
1429 2024 1558 2075 orientem
1581 2034 1696 2075 vertunt.
1735 2026 1785 2077 IIic
1804 2026 1853 2077 suli

237 2103 335 2181 τροπὴν
352 2106 378 2161 ol
400 2100 473 2163 σκιαί
487 2102 613 2160 πίπτουσι
627 2100 691 2179 πρὸς
712 2100 879 2181 μεοημὸρίαν
901 2103 1020 2167 ἐναντίως
1065 2110 1146 2161 estivi
1169 2109 1272 2161 solstitii
1294 2108 1393 2161 circulo
1414 2108 1515 2161 umbrae
1535 2107 1569 2161 ad
1589 2109 1740 2175 meridiem,
1762 2122 1853 2164 eontra

237 2200 294 2259 ταῖς
306 2194 370 2270 παρ’
384 2194 447 2266 ἡμῖν
464 2188 525 2268 alypi
544 2189 608 2267 πρὸς
628 2188 699 2267 ὥραν
715 2189 848 2267 δευτέραν,
890 2188 970 2268 Ἔχει
994 2190 1021 2249 δὲ
1066 2212 1144 2265 quam
1159 2196 1229 2266 apud
1245 2215 1292 2249 nos
1303 2197 1347 2260 lit,
1363 2214 1446 2267 nsque
1460 2196 1493 2249 ad
1506 2198 1569 2249 anni
1582 2200 1705 2249 vertentis
1717 2208 1853 2269 tempesta·

197 2302 225 2339 ao
238 2280 283 2336 καί
296 2278 430 2355 ποταμοὺς
443 2281 461 2348 ἡ
476 2278 551 2355 χώρα
564 2276 711 2358 ῥέονταςέκ
728 2281 779 2335 τῶν
794 2276 1020 2357 προοαγορευομέ-
1067 2292 1118 2333 tem
1137 2282 1281 2335 secundam
1304 2282 1488 2353 projiciuntur.
1534 2284 1596 2335 ttaec
1619 2294 1687 2335 terra
1710 2284 1854 2349 fluviis,c

238 2391 289 2425 νων
310 2366 461 2427 Pedaion·
487 2366 635 2435 διείληπται
659 2363 686 2422 δὲ
709 2366 755 2422 καί
776 2365 873 2431 πεδίοις
898 2366 1021 2441 μεγάλοις
1066 2369 1193 2432 Psebaeis‚
1211 2380 1240 2421 ut
1257 2379 1367 2433 vocant,
1391 2367 1526 2421 montibus
1546 2368 1636 2419 ellusis
1658 2371 1767 2438 rigatur,
1787 2382 1812 2423 et
1827 2374 1853 2424 in

238 2454 345 2534 φέρουσι
358 2452 483 2531 μαλιίχης
503 2450 549 2511 καί
571 2452 709 2531 καρδάμου
723 2451 768 2510 καί
788 2450 900 2532 φοίνικος
922 2452 1021 2511 ἄπιστα
1066 2454 1143 2523 longe
1155 2465 1270 2525 patentes
1282 2454 1538 2525 camposdistributa
1548 2455 1657 2507 insolitae
1666 2457 1853 2526 magnitudinis

273 2668 346 2733 ς84,
359 2665 376 2716 Ι.
398 2681 422 2717 1.
437 2665 490 2726 ἕως
501 2668 561 2715 τῶν
572 2663 699 2733 Ταίιρων
719 2663 772 2715 καὶ
785 2662 1021 2735 Πτολεμαίδος]
1068 2664 1182 2717 trariam
1201 2664 1291 2717 eadere
1301 2664 1433 2737 prodidit.
1447 2665 1521 2718 Idem
1537 2668 1590 2730 v1,
1606 2668 1639 2729 34
1655 2684 1660 2719 :
1679 2668 1755 2720 Ultro
1769 2670 1853 2731 silea,

238 2747 276 2797 sio
290 2746 325 2810 C;
336 2762 393 2796 voc.
404 2743 505 2813 Ταύρων
517 2760 571 2794 om.
583 2746 622 2805 A;
637 2742 731 2811 ταύρων
741 2741 845 2794 καὶοιη.
858 2744 895 2805 Β,
911 2744 1023 2813 spatium
1069 2742 1115 2795 uhi
1135 2742 1277 2795 Ptolemais
1294 2762 1311 2795 a
1327 2742 1498 2815 Philadelpho
1512 2744 1619 2797 condito
1636 2744 1674 2797 od
1683 2760 1793 2799 renatus
1810 2750 1855 2800 elr-

238 2842 351 2877 vacuum
364 2823 522 2892 relinquens.
538 2820 616 2891 Apud
631 2821 779 2873 Diodorum
796 2820 908 2888 legitur:
927 2820 976 2873 doh
999 2820 1025 2873 δὲ
1065 2822 1234 2893 phontoram,
1246 2823 1278 2874 ob
1289 2822 1318 2874 id
1326 2823 1468 2894 Epitheros
1477 2824 1668 2889 cognominata,
1676 2828 1760 2895 jarto
1772 2827 1855 2879 laram

239 2904 332 2956 τούτων
348 2908 395 2955 τῶν
408 2902 489 2954 τόπων
505 2900 546 2952 τὀν
567 2899 609 2972 μὲν
629 2898 676 2952 hah
696 2898 867 2973 Πτολεμαίδος
881 2899 1024 2971 παράπλουν
1069 2900 1224 2953 Monoleum.
1250 2900 1314 2952 Her'c
1333 2912 1372 2952 est
1387 2901 1457 2967 regio
1477 2902 1588 2954 secando
1611 2904 1856 2956 eolarnineanohis

240 2985 286 3044 ίως
297 2989 345 3035 τῶν
354 2982 454 3051 Ταύρων
466 2981 600 3052 (Ταυρικῶν
613 2998 667 3032 rar.
680 2978 751 3050 leet.)
764 2977 931 3050 δκρωτηρίων,
947 2999 1027 3049 προει-
1069 2981 1228 3051 significato,
1245 2980 1271 3033 in
1285 2999 1337 3052 qna
1346 2985 1448 3034 XXXX
1449 2985 1476 3032 V
1484 2981 1576 3034 diebus
1586 2995 1647 3034 ante
1660 2983 1805 3036 solstitium
1820 2997 1857 3036 to-

241 3062 350 3132 pdaaper
362 3059 417 3113 κτλ.
435 3063 502 3127 Quae
515 3058 625 3112 confusa
635 3069 662 3112 et
675 3059 816 3111 oscitanter
835 3057 905 3110 dicta
922 3076 977 3110 esse
993 3077 1025 3110 ex
1071 3060 1199 3132 eidemque
1209 3072 1303 3132 posteo
1317 3061 1381 3112 hora
1392 3072 1468 3112 sexta
1486 3074 1673 3114 consumuntur
1684 3063 1781 3114 amhrrs
1792 3075 1817 3115 et
1829 3065 1856 3116 in

240 3140 397 3210 comparatis
420 3139 529 3202 Photio,
551 3137 720 3191 Artemidoro
735 3148 762 3189 et
784 3137 923 3190 Ptolemaeo
943 3149 1023 3208 patet.
1071 3139 1203 3191 meridiem
1223 3139 1331 3210 reliquie
1345 3139 1417 3192 horis
1437 3139 1545 3201 corlant,
1567 3141 1659 3193 ceteris
1671 3140 1763 3194 diebos
1776 3142 1803 3194 irr
1818 3161 1857 3195 se·

240 3217 359 3270 Debebat
373 3216 488 3270 :Todteor
498 3215 525 3268 δὲ
536 3221 584 3269 τῶν
597 3217 677 3269 τόπων
688 3216 731 3268 τὀν
743 3214 812 3269 ἀπὸ*
822 3217 835 3241 ¹
845 3217 892 3278 ἕως
901 3223 949 3269 τῶν
963 3217 1027 3268 Ταθ-
1068 3219 1255 3289 phaedonem,
1271 3237 1329 3270 cunr
1352 3218 1379 3270 in
1402 3219 1520 3270 Berenice
1541 3237 1620 3290 quom
1635 3220 1753 3291 primam
1768 3223 1858 3292 posui-

240 3315 289 3366 ρων
314 3295 471 3366 ἀκρωτηρίων
491 3295 533 3348 καί
554 3293 724 3364 Πτολεμαίδος
746 3295 889 3365 παράπλουν
911 3297 1026 3366 προειρή-
1071 3316 1128 3348 neus
1149 3297 1206 3370 ipso
1225 3297 1269 3350 die
1288 3297 1401 3350 solstitii
1419 3309 1495 3348 sexto
1513 3297 1577 3350 horo
1600 3298 1697 3350 anthrre
1724 3299 1751 3351 in
1775 3311 1857 3352 totam

240 3394 318 3445 καμεν
328 3377 370 3428 lite
381 3375 437 3428 κτλ.
449 3380 485 3431 At
495 3393 625 3446 nusquam
641 3373 675 3426 de
686 3375 727 3426 his
741 3373 875 3427 Diodorus
889 3378 1026 3445 exposuit,
1072 3388 1255 3448 opsoniorum,
1282 3376 1398 3448 nihilque
1421 3375 1561 3428 adnotetur
1583 3377 1660 3428 aliod
1679 3377 1750 3430 noni.
1780 3383 1860 3432 DCII

239 3453 393 3506 sedtemere
404 3455 541 3526 exscripsit
561 3451 791 3522 Agatharchidem‚
806 3454 851 3522 qui
864 3452 898 3506 de
911 3453 962 3506 hoc
974 3464 1026 3530 tra·
1073 3456 1129 3508 mil.
1143 3474 1219 3527 pass.
1236 3454 1374 3508 intervallo
1387 3474 1406 3508 a
1424 3455 1584 3509 Ptolemaide
1598 3474 1637 3508 res
1653 3456 1765 3522 ingentis
1777 3476 1859 3510 exem-

240 3543 302 3598 ctu‚
318 3551 397 3603 quem
410 3535 500 3604 paucis
518 3550 590 3584 nuno
603 3531 727 3595 absolvit,
740 3533 886 3584 accuratius
901 3550 1027 3602 exposuc·
1068 3535 1111 3607 pli
1124 3534 1413 3606 locusquesuptilitatis
1424 3534 1561 3597 immensae,
1574 3533 1669 3586 nmndo
1678 3535 1716 3587 ihi
1724 3535 1856 3608 deprenso,

241 3611 329 3663 ritubi
340 3610 539 3664 deEumedcad
548 3610 747 3680 elephantorum
756 3611 922 3662 renationem
933 3612 1028 3664 emisso
1071 3631 1130 3665 cam
1146 3612 1299 3666 indubitato
1313 3613 1413 3665 ratione
1430 3613 1581 3665 umhrorrrm
1595 3613 1780 3666 Eratosthenes
1793 3633 1861 3666 men-

241 3689 425 3760 dequeprima
442 3688 609 3743 Ptolemaidis
626 3689 728 3756 origine
742 3707 891 3741 sermonem
905 3691 1026 3744 instituit.
1072 3709 1162 3744 suram
1187 3704 1263 3745 terrie
1286 3691 1396 3764 prodere
1429 3691 1487 3744 inde
1524 3691 1637 3763 caperit.
1675 3690 1716 3743 Cl.
1748 3691 1856 3744 Ptolem.

241 3767 374 3820 Nonnulla
398 3768 461 3819 hinc
478 3767 590 3818 serravit
609 3764 802 3819 Artemidorus.
820 3767 831 3835 ΙΙ
854 3797 890 3807 -
908 3771 934 3831 ίι.
956 3769 1029 3839 πρὸς
1073 3771 1152 3834 VIII,
1174 3776 1220 3834 16,
1239 3789 1280 3825 ro.
1293 3773 1387 3840 11-7.
1404 3772 1579 3842 ποταμοῖς]
1595 3788 1649 3822 om.
1666 3772 1726 3832 AB;
1739 3768 1801 3821 dein
1815 3789 1859 3821 κα-

242 3844 321 3917 τὴν]
335 3843 456 3917 nephthe
475 3847 531 3914 011
550 3849 623 3897 -6,
644 3845 719 3905 τέως
737 3846 823 3898 δυεῖν
842 3846 928 3916 ὡρῶν
940 3848 959 3918 ].
972 3850 1028 3900 Nisi
1074 3851 1470 3919 ταρρθτοιςυοτι·εοῑ.Α.ΙΙ-8.
1485 3850 1650 3918 Petatur]
1664 3850 1702 3900 sic
1717 3849 1860 3900 Photiuset

244 3925 328 3996 majus
339 3926 413 3979 uleus
426 3924 500 3990 latet,
515 3924 624 3995 antiquo
635 3923 763 3977 librorum
776 3924 841 3977 vitio
853 3928 912 3987 τέως
923 3926 946 3996 β’
958 3927 1029 3996 ὡρῶν
1076 3929 1089 3978 5
1102 3928 1181 3980 codd.
1196 3928 1307 3981 Diodori
1314 3949 1322 3994 ς
1333 3929 1477 3992 Ψεοθαίων,
1489 3928 1609 3991 ertator,
1621 3927 1746 3994 Θηδαίων,
1759 3927 1860 3980 Ψεκίων

242 4007 370 4076 scriptum
383 4005 461 4057 luerit
472 4014 517 4057 aut
528 4021 577 4074 pro
586 4005 646 4064 τέως
656 4002 682 4054 α’
692 4005 772 4074 ὥρας,
781 4005 952 4077 perprinranr
965 4006 1030 4059 anni
1074 4009 1162 4060 ceteri.
1181 4007 1253 4061 Iosra
1272 4026 1320 4078 pro
1335 4008 1446 4069 Ψεδαίας
1464 4008 1571 4079 plurimi
1584 4007 1644 4060 libri
1661 4007 1758 4059 habent
1773 4005 1859 4058 ll'ehh-

242 4084 1029 4157 oerterrtistempestatem,i.e.pertresmenses(indeasol·
1074 4105 1123 4156 ρας.
1138 4090 1242 4142 Montes
1256 4087 1373 4140 Pscbaeos
1386 4088 1413 4140 in
1431 4086 1591 4140 Artemidori
1610 4105 1667 4140 exc.
1691 4104 1743 4138 non
1759 4103 1859 4138 merno-

242 4161 335 4236 stitio)
349 4173 394 4216 aut
403 4180 453 4234 pro
466 4163 525 4223 τέως
535 4152 564 4227 ‘7'
574 4160 672 4233 ἡμερῶν
686 4161 695 4233 (
707 4164 745 4215 uti
754 4173 792 4215 est
806 4162 877 4234 opud
891 4163 1005 4216 Plinium
1019 4165 1028 4236 )
1074 4175 1179 4229 rantum
1188 4177 1214 4218 at
1227 4165 1306 4216 Ψεδὼ
1317 4165 1407 4235 λίμνην
1416 4182 1448 4216 εκ
1461 4164 1639 4228 Artemidoro,
1651 4175 1676 4217 et
1690 4165 1860 4234 ίίέδὼχώραν

241 4254 289 4296 aut
312 4261 362 4314 pro
380 4243 426 4303 ἕως
453 4240 476 4312 β’
495 4243 573 4311 depae,
597 4241 670 4312 quod
691 4243 820 4312 posterius
837 4242 1029 4313 praelerendum
1075 4244 1201 4315 ἐνδοτέρου
1219 4244 1374 4306 Αἰθιοπίας...
1401 4243 1539 4313 ἀπέχουσαν
1554 4247 1597 4310 τῆς
1615 4243 1739 4304 Αἰθιοπίας
1756 4243 1860 4307 ὁδῶνε’,

242 4341 300 4375 esse
320 4321 435 4386 videtur,
450 4323 576 4392 quoniam
595 4320 689 4374 eodem
705 4321 806 4374 ducunt
827 4322 905 4374 verba
918 4323 1030 4376 Diodori
1074 4343 1105 4375 ex
1122 4325 1271 4392 Aristagora
1288 4323 1375 4375 laudat
1386 4323 1531 4393 Stephanus
1543 4325 1604 4392 Byz.
1620 4341 1641 4374 s.
1659 4341 1684 4374 ν.
1698 4323 1737 4386 Ea
1748 4323 1861 4375 Artemi-

244 4402 303 4472 ἄχρι
322 4401 381 4472 πρδς
398 4403 463 4472 dapar
478 4401 600 4471 δευτέραν,
620 4419 781 4471 quamquam
802 4402 824 4453 si
847 4419 901 4453 rem
919 4413 1028 4472 spectas,
1075 4404 1142 4456 doro
1161 4404 1277 4456 hausisse
1298 4402 1402 4455 videtur
1426 4403 1505 4454 etiam
1530 4403 1625 4454 Strabo
1640 4403 1730 4465 XVII,
1751 4419 1779 4472 p.
1799 4405 1861 4464 822,

245 4482 334 4533 minus
353 4491 423 4534 recte
444 4479 537 4544 habet,
552 4481 742 4551 quoniamtres
759 4481 801 4532 isti
821 4497 923 4532 meuses
934 4481 1030 4550 quibus
1074 4483 1138 4535 ubi:
1157 4480 1308 4552 Ὗπὲρκειται
1318 4482 1343 4534 δὲ
1356 4485 1398 4547 τῆς
1412 4479 1534 4550 θίερθηςῆ
1548 4481 1652 4544 Ψεθώα,
1665 4481 1741 4552 λίμνη
1753 4479 1861 4551 μεγάλη,

244 4560 340 4613 umbra
353 4560 492 4613 meridiem
513 4560 649 4628 vergebat,
664 4577 719 4612 non
734 4558 866 4612 debebant
883 4563 1030 4630 computari
1075 4566 1150 4628 νῆσον
1162 4561 1406 4632 ἔχουοαοίκουμένην
1417 4560 1514 4621 ἱκανῶς.
1526 4560 1625 4613 Urbem
1636 4560 1711 4612 istam
1721 4559 1863 4612 Sernhnitirr

243 4639 279 4691 ab
290 4640 366 4692 initio
378 4641 440 4692 anni
451 4639 582 4710 Olympici
592 4641 646 4691 sive
656 4639 799 4692 asolstitio.
811 4639 965 4691 Distinctius
974 4657 1030 4692 rom
1075 4659 1090 4693 e
1105 4642 1187 4693 Biono
1199 4651 1274 4693 vocat
1292 4641 1410 4701 Plinius;
1426 4639 1496 4691 lacus
1508 4650 1546 4691 est
1562 4638 1707 4692 hodiernus
1724 4641 1814 4692 Tanna
1836 4639 1863 4688 in
1924 4697 1930 4710 Ι

244 4719 355 4789 exponit
366 4718 465 4770 Plinius
479 4721 520 4782 11,
536 4718 569 4786 75
590 4735 596 4770 :
622 4722 777 4789 Constatque
794 4718 822 4770 in
835 4718 953 4770 Bererriee
970 4720 1032 4771 urhe
1077 4721 1188 4772 Demhea
1201 4720 1316 4788 regione.
1328 4718 1432 4786 Quibus
1444 4717 1542 4770 collatis
1552 4717 1687 4788 probabile
1701 4717 1731 4769 tit
1744 4717 1865 4770 Psebrros

249 4797 474 4867 Troglodytarum,
487 4809 513 4849 et
526 4797 584 4850 inde
599 4809 727 4868 quattuor
734 4797 842 4850 mih'hus
856 4801 991 4852 DCCCXX
1005 4801 1031 4852 in
1076 4809 1179 4852 montes
1197 4799 1230 4850 ab
1244 4796 1436 4867 Agatharchide
1456 4796 1579 4868 appellari
1598 4807 1682 4848 totum
1699 4797 1777 4848 istum
1790 4813 1866 4846 tuou-

243 4875 333 4928 eadern
349 4886 433 4942 pente,
451 4875 611 4928 Ptolemaide
623 4875 802 4948 oppidoquod
814 4877 842 4929 in
853 4878 968 4944 margine
980 4883 1031 4932 Ita·
1076 4881 1142 4931 tium
1157 4885 1268 4929 tractum
1288 4878 1334 4942 qui
1356 4876 1417 4929 inde
1439 4876 1472 4930 ab
1492 4879 1536 4929 18¹¹
1552 4877 1596 4928 lat.
1619 4893 1703 4944 usquc
1723 4873 1756 4926 nd
1779 4873 1866 4925 lauces

246 4955 291 5006 hri
303 4954 387 5007 rnaris
400 4953 439 5006 ad
452 4953 554 5026 primos
565 4955 758 5028 elephantorum
772 4967 882 5008 venatus
898 4956 1032 5009 conditam
1076 4959 1148 5010 sinus
1159 4957 1280 5026 pertinet.
1292 4957 1435 5025 Vagasunt
1448 4973 1507 5025 quae
1519 4956 1545 5006 in
1556 4952 1867 5026 ¹Pseudo-Aristoteche

243 5044 294 5096 est,
306 5033 353 5086 hoc
361 5029 430 5086 idem
438 5045 499 5086 ante
507 5033 653 5087 solstitium
662 5033 932 5106 quadragenisqninis
941 5035 1032 5087 diehas
1077 5035 1178 5089 ariundo
1195 5035 1327 5104 leguntur,
1341 5035 1387 5088 ubi
1409 5045 1533 5104 tanquam
1550 5033 1646 5086 irtsnlas
1659 5033 1796 5085 Britannia
1811 5049 1865 5082 non

245 5112 404 5185 totidemque
412 5114 584 5187 porteafieri,
600 5127 626 5168 et
632 5133 730 5187 percos
740 5118 787 5167 XC
794 5114 851 5167 dies
864 5115 891 5166 iu
901 5115 1032 5167 meridiem
1078 5117 1192 5168 minores
1206 5117 1377 5167 nominantur
1389 5114 1545 5184 Taprobane
1557 5124 1582 5165 et
1597 5112 1612 5178 ἢ
1629 5112 1707 5164 ιδεδίιι
1725 5111 1866 5178 καλουμένη

246 5191 353 5244 umbras
358 5193 426 5262 joci.
437 5193 510 5245 Idem
518 5196 554 5256 lt,
567 5198 661 5263 7621n
673 5205 729 5246 tota
743 5193 920 5264 Troglodytae
927 5195 1046 5246 nmhrns.
1078 5196 1139 5247 κατὰ
1154 5196 1195 5248 τὸν
1212 5193 1335 5264 Ἀραίικίιν
1346 5195 1443 5264 κειμένη
1457 5192 1560 5246 κόλπον.
1572 5192 1612 5244 CI.
1625 5191 1763 5244 Salnmsius
1774 5188 1807 5241 ad
1820 5191 1868 5240 So·

246 5267 290 5320 his
302 5270 479 5339 quadraginta
491 5270 584 5324 diebos
597 5273 625 5325 iu
642 5292 711 5325 artno
732 5275 915 5326 Eratosthenes
934 5275 960 5326 in
973 5295 1031 5326 rou·
1079 5276 1122 5327 lin.
1140 5293 1165 5345 p.
1184 5278 1245 5344 7⁸²·
1258 5278 1270 5341 ll
1282 5305 1316 5314 -
1336 5291 1375 5326 ta.
1394 5273 1514 5342 ὀρνέων
1537 5272 1572 5323 alr
1583 5270 1789 5340 ιοτορήτους]
1814 5267 1867 5318 ἀν’.-
