3950 5925
785 402 969 465 utstouta
991 406 1134 469 tumet.
1712 425 1767 475 stu

156 531 243 591 πολλίι
259 529 330 589 κακδι
343 533 360 601 ἡ
371 528 481 609 στρατιή
493 553 521 588 τε
535 528 694 610 ἰίλεξσίνδριρ
707 531 788 591 ἔπαθε
802 532 847 591 καί
861 534 939 602 αιίτδς
983 544 1029 597 ubi
1048 555 1074 597 et
1092 544 1233 599 Alexandri
1254 548 1385 601 exercitus
1405 558 1430 601 et
1451 548 1600 603 Alexander
1619 568 1674 624 ipse
1688 554 1768 607 maha

156 614 387 694 Ἀλίίανδροίνθί
403 638 448 692 μθ*
461 616 513 687 ἤδη
527 619 554 675 ί*
564 618 603 697 τῷ
620 616 695 696 ἄλλῳ
708 619 779 699 ttpp
792 619 938 695 dirimam.
983 634 1294 708 incommodapcrpessus
1307 648 1355 701 est,
1363 639 1587 709 quemadmodum
1590 641 1646 714 jam
1653 644 1769 699 inaltero

155 704 251 782 itl‘flt
265 704 334 769 δίὶς
355 702 403 775 τί*
425 703 585 781 Καρμανίην
608 704 663 763 ἀπὸ
683 709 736 764 τῶν
759 706 938 787 Ἰχθυθθάῖων
983 742 1062 797 opere
1082 729 1194 781 nmrari.
1234 730 1274 796 (a)
1293 728 1435 800 Postquam
1460 750 1522 784 vero
1543 750 1575 785 ex
1594 734 1769 808 Ichthyopha-

155 794 268 868 ιι(δί”θθῑί
288 792 303 848 θ
321 788 446 868 ‘'fimi‘’
461 792 573 848 ενταῦθα
584 788 627 849 tva
641 794 745 869 ''IPPSPv
763 797 809 863 τῆς
823 796 938 872 Καθμα·
983 818 1021 887 gis
1032 818 1058 871 in
1070 820 1236 875 Carmaniam
1246 831 1400 892 perventum
1412 833 1451 875 est
1461 842 1475 876 a
1487 823 1580 889 classe,
1593 843 1625 877 eo
1636 824 1710 892 loeo,
1723 828 1769 880 ubi

130 878 212 949 Ηίθί
229 878 395 957 ὡθίθίίίθίῗθν
418 875 462 934 ἐπ’
481 876 615 958 ‘imiimi'
630 878 791 951 ίθάθωσανν
805 879 845 938 3³⁸
858 880 938 959 θθλίθ
982 910 1099 980 primum
1112 910 1145 963 ad
1159 912 1324 965 Carmaniam
1338 914 1500 967 mansionem
1510 914 1612 981 habuit,
1628 919 1730 971 ancoris
1742 920 1768 971 in

154 964 317 1043 παρετέτατο
331 966 357 1031 ές
374 962 406 1022 ab
425 963 539 1039 πέλαγος
557 963 672 1045 τρηχέα.
714 967 746 1043 (a)
769 966 888 1027 Ἐνθένδε
910 967 938 1025 δὲ
983 998 1037 1053 „10
1046 998 1124 1071 jactis
1139 1004 1310 1054 compitorum

154 1050 280 1116 ὡσαύτως
291 1050 378 1109 οὗκέτι
391 1048 457 1129 πρὸς
469 1050 545 1121 ἡλίου
556 1051 682 1127 δυομένου
703 1051 818 1126 ἔπλωον,
830 1052 898 1111 ἀλλὰ
908 1053 938 1112 τθ

156 1137 254 1211 persib
270 1138 355 1205 διίσεός
366 1160 395 1196 τε
411 1136 488 1208 ἡλίου
509 1138 555 1197 καί
575 1142 622 1210 τῆς
637 1140 733 1219 ἄρκτου
755 1140 822 1199 οὕτω
837 1141 939 1218 μᾶλλόν

154 1248 180 1283 τι
195 1228 222 1283 αἱ
231 1229 336 1307 πρῷραι
348 1227 463 1284 αὐταῖσιν
478 1227 592 1305 ἐπεῖχον·
605 1229 636 1303 (ε)
650 1228 696 1284 καί
711 1227 810 1299 οὕτωτί
826 1231 940 1308 Καρμα·

118 1334 141 1372 ιο
153 1313 195 1385 νίη
211 1317 263 1372 τῶν
277 1313 456 1394 Ἰχθυοφάγων
473 1318 519 1385 τῆς
532 1319 580 1389 γῆς
598 1316 644 1372 καί
657 1319 709 1372 τῶν
731 1315 870 1395 Ὠρειτέων
893 1318 938 1375 εὖ·

155 1402 308 1480 δενδροτέρη
319 1424 347 1459 τε
357 1401 402 1459 καί
414 1401 592 1481 εὐκαρποτέρη
605 1401 676 1475 ἔστί,
689 1403 734 1461 καί
748 1402 861 1475 ποιώδης
875 1406 940 1480 pat·
1472 1459 1477 1471 ,
1633 1463 1638 1473 ,
1750 1465 1755 1477 ,

155 1489 200 1547 λόν
225 1512 250 1546 τι
277 1492 322 1547 καί
345 1489 458 1567 ἔνυδρος.
503 1491 536 1569 (s)
561 1489 732 1569 Ὁρμίζονται
757 1490 785 1549 di
810 1494 837 1550 ἔν
859 1492 939 1551 Βάδει
982 1474 1064 1562 quam
1082 1456 1341 1561 Ichthy‘ipmgofum
1362 1467 1410 1509 m
1431 1460 1566 1511 ommm
1586 1478 1674 1530 ’Ἐφ’
1690 1481 1770 1569 ΜΨ

154 1576 234 1657 χώρῳ
256 1580 302 1647 τῆς
326 1576 480 1655 Καρμανίης
500 1577 654 1656 οἰκεομένῳ,
677 1575 783 1657 δένδρεά
802 1600 831 1635 τε
853 1578 939 1636 πολλὰ
983 1560 1063 1602 etiam
1096 1549 1207 1603 herbosa
1231 1567 1357 1619 aquisque
1379 1548 1526 1603 abundans.
1565 1554 1605 1627 (5)
1629 1556 1719 1621 Quum
1743 1576 1770 1609 m

155 1666 242 1745 ἥμερα
264 1662 401 1744 περυκότα
417 1664 505 1742 ἔχοντι
525 1666 594 1735 πλὴν
615 1664 719 1737 ἐλαίης,
742 1665 787 1722 καί
807 1666 939 1742 ἀμπέλους

1313 1002 1408 1073 ‚quod
1427 1003 1505 1073 longe
1527 1006 1554 1059 iu
1574 1024 1645 1059 mare
1663 1009 1768 1079 rupium

985 1091 1061 1143 tanta
1072 1102 1192 1162 porrecta
1206 1104 1269 1145 erat.
1310 1094 1350 1162 (3)
1363 1094 1467 1147 Exinde
1483 1114 1536 1148 non
1554 1097 1666 1168 amplius
1678 1098 1714 1151 ita
1727 1099 1768 1151 di·

983 1192 1054 1234 recte
1065 1181 1098 1234 ad
1113 1200 1235 1235 occasum
1249 1184 1416 1253 navigarunt,
1429 1183 1474 1239 sed
1489 1186 1557 1239 iuter
1568 1188 1731 1261 occidentem
1744 1202 1770 1243 et

983 1273 1188 1343 septentrionem
1199 1274 1281 1342 magis
1299 1291 1405 1327 cursum
1417 1286 1571 1343 tenuerunt;
1585 1282 1626 1349 (l)
1644 1290 1723 1351 atque
1735 1283 1770 1336 ita

984 1365 1123 1417 Carmania
1134 1364 1273 1417 arboribus
1288 1363 1436 1418 immundior
1448 1368 1581 1439 magisque
1597 1368 1721 1439 frugifera
1732 1384 1770 1425 est

983 1639 1067 1692 Badio
1085 1639 1185 1693 cultum
1209 1640 1354 1695 Carmania
1373 1640 1461 1694 locum
1481 1642 1653 1713 appulissent,
1678 1647 1771 1701 multas

117 1768 139 1804 ,5
155 1752 268 1829 ἀγαθὰς,
285 1749 330 1810 καὶ
346 1750 486 1833 σιτοφόρῳ.
532 1753 563 1827 ρο)
580 1751 701 1812 Ἐνθένδε
719 1751 874 1830 ὁρμηθέντες
895 1753 940 1811 και,
985 1732 1092 1785 arbores
1104 1730 1244 1803 pomiferas
1258 1734 1371 1803 exceptis
1383 1733 1446 1785 oleis
1462 1744 1627 1803 repererunt.
1664 1738 1728 1791 Erat
1745 1750 1771 1791 et

154 1838 363 1905 διεκπλώσαντες
385 1840 507 1904 σταδίους
530 1838 715 1914 ὀκτακοσίους,
741 1840 804 1917 πρὸς
827 1842 940 1921 αἰγιαλῷ
983 1826 1240 1895 θὲίθδίθίίῑίωῃθῑ
1253 1824 1377 1879 frumenti
1392 1826 1476 1879 sem·
1515 1830 1555 1896 (6)
1567 1828 1633 1881 Inde
1644 1830 1677 1882 id
1688 1834 1771 1885 00150·

155 1927 305 2004 ὁρμίζονται
319 1924 420 2005 ἐρήμῳ,
433 1926 477 1984 καὶ
491 1928 637 2002 χηωρῶσῑς
650 1924 733 2000 ἄκρη,
746 1924 850 2002 μακρὴ,
864 1924 938 1991 ἐξω.
984 1928 1062 1987 genta
1080 1916 1165 1972 stadia
1182 1920 1312 1989 progressi
1332 1917 1366 1971 ad
1385 1918 1456 1971 littus
1473 1918 1606 1973 desertum
1626 1923 1768 1993 appellunt.

154 2015 267 2091 ἔχουσαν
289 2013 332 2070 iai
346 2013 441 2071 πολλὸν
455 2016 479 2079 ἐς
493 2012 652 2090 τδπελαγος·
665 2012 772 2090 ἀπέχειν
783 2011 810 2069 δὲ
822 2012 940 2092 ἐραίνετο
984 2012 1024 2061 Ex
1036 2026 1068 2061 oo
1082 2009 1140 2061 loco
1151 2010 1363 2080 promontorium
1377 2012 1468 2078 ingens
1486 2010 1562 2080 longe
1580 2012 1607 2063 in
1622 2030 1694 2067 mare
1710 2032 1772 2087 por·

154 2102 256 2179 ᾑᾶκρη
280 2098 361 2158 πλέον
379 2102 414 2165 ὡς
438 2099 547 2179 ἡμέρης.
592 2102 625 2177 (tl
648 2099 703 2159 Kal
725 2102 749 2158 oi
773 2104 823 2157 τῶν
846 2098 939 2177 χώρων
984 2110 1084 2153 rectum
1099 2101 1275 2170 conspiciunt,
1289 2100 1360 2181 quod
1373 2102 1452 2153 tinius
1465 2100 1518 2153 diei
1534 2105 1771 2173 navigationeinde

114 2202 140 2239 2⁰
155 2186 260 2245 ἐκείνων
274 2187 401 2264 δαήμονες
417 2191 463 2258 τῆς
478 2187 600 2265 ’λραδίης
615 2186 703 2263 ἔλεγον
719 2186 766 2257 τὴν
780 2187 939 2264 ἀνίσχουσαν
983 2186 1072 2237 abesse
1094 2186 1241 2239 videbatur.
1281 2185 1321 2256 (7)
1343 2188 1422 2239 Periti
1445 2186 1563 2241 locorum
1590 2190 1692 2243 Arabiae
1710 2210 1771 2265 pro·

152 2275 252 2345 ταιίτην
274 2274 371 2353 ἄκρην,
387 2274 526 2332 καλέεσθαι
539 2274 566 2332 δὲ
588 2273 710 2333 Μάκετα·
726 2274 796 2331 ἔνθεν
810 2273 844 2331 ed
863 2273 937 2332 κινεί-
983 2274 1145 2325 montellum
1154 2272 1179 2323 id
1188 2272 1381 2338 ossodicebant,
1391 2277 1645 2345 vocariqueMaoeta‚
1658 2278 1771 2351 indeque

189 2495 304 2558 XXXII,
321 2495 347 2547 5.
357 2494 440 2564 clippi
446 2512 541 2546 σαντο
555 2496 565 2564 ]
578 2494 707 2565 ἱδρύσαντο
717 2497 747 2547 L.
762 2496 772 2563 ΙΙ
782 2500 852 2547 -6,
866 2514 941 2565 τρη·
987 2495 1041 2547 sive
1062 2494 1227 2563 uolitaret)
1250 2494 1379 2567 proficIsei
1397 2496 1497 2549 Plinius
1515 2496 1630 2550 videtur.
1648 2499 1729 2566 Quod
1749 2505 1770 2555 si

153 2574 239 2643 χέα]
260 2576 349 2643 Ipsum
372 2577 426 2644 Cap
442 2574 507 2625 lael·
522 2573 623 2626 humile
636 2585 675 2626 est
688 2584 714 2626 et
731 2592 880 2638 arenosum,
896 2576 941 2628 sed
987 2572 1057 2643 apud
1068 2574 1182 2626 Plinium
1193 2574 1241 2625 ista
1253 2574 1330 2628 XXV
1342 2574 1407 2627 mill.
1422 2594 1437 2627 a
1453 2575 1512 2627 Sabi
1527 2576 1559 2629 ad
1574 2578 1687 2630 Ananim
1701 2591 1771 2634 recte

154 2670 235 2722 rupes
249 2652 319 2703 litori
329 2653 356 2703 in
367 2652 419 2704 hoe
428 2662 513 2704 tractu
522 2652 610 2705 multae
619 2653 827 2723 praetenduntur.
843 2656 941 2726 Komp-
986 2651 1093 2713 habent,
1107 2652 1180 2705 Sabis
1201 2652 1310 2717 fluvius,
1326 2670 1405 2722 quem
1417 2653 1485 2706 Mela
1499 2672 1605 2725 quoque
1625 2670 1769 2725 memorat,

154 2731 424 2801 thornel.l.p.a7a:
441 2729 810 2803 «Theooastonmanyparts
821 2732 942 2786 obear·
987 2730 1055 2784 soret
1071 2736 1189 2798 Saganos
1207 2729 1353 2795 Ptolemaei,
1375 2730 1487 2783 dimidio
1507 2732 1590 2801 gradu
1608 2732 1641 2785 ab
1666 2734 1771 2790 hodani

155 2810 250 2862 barto
271 2810 323 2860 this
337 2809 435 2879 place(
456 2811 526 2879 Cape
545 2810 625 2891 dash)
647 2812 668 2862 is
687 2829 748 2880 very
771 2811 862 2881 moly,
888 2813 941 2865 and
986 2810 1101 2875 distans,
1117 2812 1183 2863 etin
1202 2808 1399 2862 mediterraneis
1412 2810 1511 2862 habens
1523 2811 1601 2863 Sabin
1613 2811 1716 2867 urbem.
1729 2815 1771 2891 Ad

154 2888 238 2956 ought
251 2899 297 2939 not
315 2899 342 2939 to
355 2888 388 2940 be
401 2888 567 2957 approached
581 2899 627 2940 too
641 2907 714 2951 near,
732 2908 768 2941 on
783 2901 897 2942 account
914 2891 943 2943 οί
986 2892 1084 2942 ostium
1091 2888 1428 2958 SaganiPtoIcmaeusponit
1444 2892 1606 2941 Tarraanam
1618 2890 1715 2957 locum,
1724 2893 1771 2947 ho·

154 2987 228 3020 some
237 2967 382 3020 shoalsand
391 2967 467 3020 rocks
476 2969 561 3020 which
569 2968 602 3020 lie
610 2968 696 3021 under
707 2979 797 3021 water.
817 2971 942 3024 a—The
986 2969 1030 3022 die
1048 2973 1174 3033 Tarroun,
1193 2970 1238 3038 qui
1258 2967 1292 3020 ab
1311 2967 1415 3020 Andani
1428 2967 1456 3020 ll.
1473 2967 1592 3037 (Miaaw
1604 2973 1613 3035 )
1627 2970 1661 3022 ad
1675 2973 1736 3037 300,
1756 2993 1772 3027 a

154 3046 222 3098 cliffs
233 3047 311 3115 along
322 3047 374 3098 this
385 3056 443 3115 part
454 3045 485 3098 οί
496 3046 540 3098 the
550 3057 623 3098 coast
635 3065 679 3099 are
691 3064 752 3116 very
767 3047 839 3115 high,
852 3047 904 3100 and
913 3051 941 3101 in
989 3053 1043 3120 Cap
1063 3047 1204 3100 Bomlarck
1219 3044 1252 3098 ad
1271 3051 1323 3099 b'oo
1337 3044 1419 3097 stadia
1442 3044 1529 3098 distat.
1547 3046 1640 3102 Nullus
1662 3067 1723 3102 vero
1736 3051 1771 3104 ad

157 3144 235 3195 many
246 3125 331 3196 places
339 3123 434 3176 almost
442 3124 652 3195 perpendicular.
664 3127 742 3178 Some
753 3125 843 3178 bavea
854 3128 942 3196 singu·
992 3131 1107 3179 Tarroan
1121 3125 1216 3178 lluvius
1234 3134 1349 3176 notatur.
1365 3125 1409 3176 Sin
1424 3123 1486 3176 illud
1499 3125 1586 3195 potius
1596 3128 1771 3194 premendum

156 3205 194 3257 lar
206 3221 375 3275 appearance,
384 3204 572 3256 onenearJaslr
580 3204 659 3272 being
668 3205 768 3274 exactly
776 3204 808 3256 οί
813 3205 856 3257 the
864 3206 942 3276 shaps
986 3215 1034 3268 cst,
1050 3205 1083 3256 ab
1102 3204 1247 3256 Carmaniae
1271 3202 1346 3254 initio
1372 3201 1381 3272 ί
1405 3201 1480 3271 quale
1504 3203 1638 3256 Nearchus
1658 3209 1770 3276 statuit)

155 3284 188 3335 οί
193 3302 209 3336 a
222 3285 304 3352 quoin
313 3301 345 3334 or
353 3281 443 3351 wedge
452 3302 459 3346 ;
467 3281 519 3335 and
532 3283 643 3334 another
652 3284 698 3335 isa
710 3301 771 3353 very
782 3283 942 3338 remarkable
988 3301 1071 3352 usque
1084 3283 1117 3336 ad
1129 3282 1208 3336 Sabin
1222 3299 1277 3334 esse
1294 3282 1345 3334 800
1363 3279 1459 3344 stadia,
1479 3291 1536 3333 tum
1555 3281 1628 3334 Sabis
1642 3284 1738 3340 lluvius
1750 3290 1771 3340 is

155 3361 232 3433 peak,
246 3362 322 3430 being
334 3359 435 3413 lonned
445 3360 479 3430 by
490 3360 563 3413 three
576 3371 665 3412 stonea
673 3379 701 3413 as
715 3359 738 3412 it
743 3361 834 3432 placed
845 3361 879 3431 by
894 3363 942 3414 bu·
987 3361 1133 3425 habendus,
1149 3362 1192 3413 cui
1210 3363 1268 3413 Gna
1283 3361 1354 3410 vicus
1365 3357 1479 3429 adjacet,
1492 3361 1590 3430 quique
1603 3363 1772 3432 probabiliter

157 3460 217 3494 man
234 3440 318 3493 hands
325 3457 375 3492 one
387 3457 422 3491 on
430 3439 474 3492 the
486 3439 572 3509 topos
580 3440 624 3492 tbc
633 3440 719 3492 other.
728 3443 753 3492 It
765 3442 858 3511 isvery
867 3442 940 3510 high,
986 3440 1079 3493 defluit
1091 3439 1124 3492 de
1132 3449 1222 3492 monte
1233 3438 1288 3491 uta.
1306 3441 1316 3506 ll
1328 3468 1363 3478 -
1373 3454 1416 3491 at.
1428 3437 1454 3491 δὲ
1462 3449 1522 3508 post
1530 3439 1588 3493 καλ.
1599 3459 1653 3494 om.
1668 3445 1769 3499 ABCD.

155 3520 209 3573 and
222 3521 270 3572 has
286 3520 331 3572 tbe
343 3518 519 3572 resemblance
531 3519 564 3571 οί
575 3537 592 3572 a
607 3520 744 3590 chimuey3
758 3538 798 3572 we
813 3521 908 3574 named
922 3524 943 3575 it
991 3521 1001 3586 ΙΙ
1016 3549 1053 3561 -
1065 3519 1198 3572 Μάκετα
1210 3518 1221 3588 ]
1234 3516 1275 3570 CI.
1290 3517 1358 3569 Juba
1375 3533 1418 3587 ap.
1429 3516 1543 3570 Plinium
1563 3519 1611 3582 vt,
1627 3525 1661 3572 ao·
1682 3525 1696 3588 S
1716 3527 1768 3590 98:

156 3601 201 3652 the
213 3599 480 3652 Three-SionePaala.
498 3621 509 3647 ν
529 3600 540 3667 ΙΙ
551 3629 588 3639 -
599 3603 625 3651 6.
641 3598 733 3652 olom.
748 3599 809 3652 eod.
830 3605 864 3652 Α.
882 3602 942 3668 11-
988 3599 1054 3651 Inda
1067 3597 1275 3670 promontorium
1291 3595 1433 3649 Orrarruaioe
1446 3611 1494 3662 ast,
1508 3616 1540 3650 εκ
1551 3615 1601 3668 qim
1617 3598 1643 3650 in
1659 3598 1771 3654 aduersa

161 3697 201 3733 ιο.
217 3678 444 3747 εὐδενδροτέρη
457 3678 512 3730 κτλ.
529 3677 594 3748 jCi.
608 3677 702 3730 Strabo
714 3696 742 3749 p.
757 3683 808 3747 726
823 3679 882 3731 :ml
895 3680 942 3750 γὰρ
987 3695 1034 3729 ora
1047 3676 1085 3728 acl
1093 3688 1192 3743 gentem
1215 3675 1324 3727 Arabia
1345 3677 1438 3727 Maras
1459 3678 1585 3744 trajectus
1603 3675 1688 3729 distat
1704 3683 1724 3732 L
1740 3683 1774 3734 M

157 3758 284 3827 πάμφορος
297 3755 336 3824 (ἡ
352 3757 479 3826 Καρμανία
492 3760 504 3824 )
516 3755 558 3808 καί
569 3756 764 3827 μεγαλὸδενδρος
781 3755 846 3822 πλὴν
861 3755 944 3819 ἐλαίας
983 3773 1124 3828 ρασειιιυνι.
1139 3754 1323 3808 Eratosthenes
1334 3772 1376 3825 ap.
1392 3753 1514 3806 Strabon.
1530 3771 1548 3824 ρ
1560 3754 1610 3822 765
1628 3757 1724 3810 ostium
1736 3761 1771 3812 si·

156 3836 199 3888 καί
214 3837 335 3906 ποταμοῖς
346 3837 526 3906 κατάρρυτος...
541 3835 653 3905 Γεώργια
669 3836 691 3886 δ’
713 3835 767 3905 ἔχει
786 3835 944 3906 παραπλήσια
988 3853 1038 3890 nus
1057 3835 1153 3887 Persici
1168 3833 1234 3886 adeo
1247 3842 1386 3902 angustum
1406 3849 1461 3884 esse
1475 3831 1554 3897 dicit,
1568 3835 1631 3887 ὥστε
1643 3833 1667 3897 ἐξ
1686 3834 1770 3910 Ἁρμό-

157 3918 211 3976 τοῖς
230 3915 374 3985 Περσικοῖς,
391 3917 421 3968 τά
433 3933 459 3968 τε
478 3914 544 3966 ἄλλα
555 3914 598 3966 καί
614 3913 726 3984 ἄμπελον
740 3914 795 3967 κτλ.
812 3926 839 3968 et
850 3917 942 3968 Onesi·
988 3918 1038 3975 ζων
1050 3913 1097 3984 (sic
1106 3911 1210 3984 codd),
1221 3917 1264 3965 τοῦ
1274 3916 1317 3976 τῆς
1328 3911 1467 3981 ίίαρμανίας
1476 3910 1636 3982 ἀκρωτηρίου,
1648 3919 1691 3981 τῆς
1706 3915 1771 3989 Ἆρα.

156 3997 216 4047 crit.
230 3994 265 4047 ir.
278 3999 313 4046 26
327 4004 354 4046 et
365 4011 409 4064 ορ.
424 3996 434 4062 ΙΙ
451 4024 488 4036 -
505 4010 547 4046 ιο.
562 3993 680 4062 Βάδει]
693 3992 772 4045 Badis
789 3994 854 4046 situs
865 3993 944 4047 suerit
988 3995 1042 4056 δίας
1058 3992 1176 4063 ἀφορᾶται
1187 3991 1216 4043 τδ
1235 3991 1260 4044 ἐν
1275 3991 1377 4051 Μάκαις.
1392 3990 1433 4043 ct.
1447 3990 1517 4042 idem
1530 4009 1558 4062 p.
1574 3997 1626 4061 726
1639 4004 1665 4047 et
1678 4013 1710 4048 ex
1725 4016 1769 4050 eo·

156 4074 204 4125 ubi
221 4091 292 4124 nune
305 4073 370 4124 last
388 4076 460 4125 vicus
472 4073 514 4125 vel
529 4073 557 4124 in
573 4073 733 4143 propinquo.
746 4073 806 4124 Huc
814 4074 944 4142 peninere
988 4071 1050 4124 dem
1060 4069 1231 4124 Eratosthene
1237 4068 1359 4122 hauriens
1367 4070 1499 4128 Ammian.
1508 4071 1590 4124 Marc.
1599 4073 1674 4136 XIII,
1686 4079 1711 4139 6,
1719 4077 1751 4128 23
1762 4093 1769 4128 ;

158 4151 263 4203 videtur
277 4151 394 4210 ίίανθιίτις
405 4151 552 4215 Ptolemaei,
562 4169 643 4222 quam
654 4149 750 4203 deiude
768 4153 865 4221 excipit
883 4152 945 4223 lldp-
991 4153 1069 4220 Ctrjus
1085 4148 1155 4202 ostia
1170 4147 1234 4200 adeo
1247 4147 1417 4220 perhibentur
1427 4158 1548 4214 angusta,
1569 4160 1599 4200 at
1616 4168 1649 4202 ar
1660 4153 1772 4206 Harmo-

157 4229 239 4282 πελλα
251 4229 483 4300 promontorium(
493 4234 549 4282 llas
560 4229 656 4282 Kernzi
665 4230 705 4282 rel
714 4234 813 4283 Keraat
822 4230 944 4284 velBom·
989 4239 1065 4284 zonte
1080 4227 1223 4282 Cannaniae
1234 4227 1412 4300 promontorio
1428 4238 1519 4279 contra
1536 4229 1685 4300 oppositum
1696 4231 1774 4284 aliud

158 4307 245 4359 baral:
264 4309 275 4374 ΙΙ
287 4337 323 4348 -
336 4311 378 4368 τίς.
392 4304 475 4372 πλὴν
489 4306 599 4369 ίλοιίας
612 4310 622 4378 ]
633 4308 675 4361 CI.
687 4310 771 4361 liitter
783 4311 844 4372 XII,
853 4326 881 4379 p.
894 4311 943 4363 522
985 4307 1203 4380 pronrontorium‚
1215 4305 1286 4377 qaod
1294 4304 1429 4378 appellant
1440 4304 1529 4357 incola
1542 4308 1641 4371 Macer,
1654 4307 1710 4360 sine
1722 4302 1770 4362 im·

163 4387 246 4438 Ποίαν
256 4385 300 4437 die
314 4385 465 4437 Asiatisolre
478 4386 653 4454 Verbreitung
665 4386 710 4440 des
724 4387 871 4440 Oribaums.
886 4390 897 4456 ΙΙ
909 4419 945 4430 -
985 4387 1134 4460 pedimento
1154 4396 1284 4438 cernatur.
1299 4385 1346 4437 llis
1357 4383 1426 4436 adde
1445 4401 1503 4454 quaa
1522 4385 1610 4437 notavi
1628 4384 1662 4437 ad
1681 4391 1769 4442 Aaou.

161 4465 204 4516 1⁵.
219 4463 368 4532 ἐνθένδε]
384 4461 454 4515 ἔνθεν
465 4467 500 4517 Ι).
516 4465 625 4533 ΙΙ-νθ,
639 4483 684 4516 στ.
707 4463 942 4538 ὀκτακοσίους]
988 4465 1083 4537 ροτίρί.
1103 4481 1169 4517 mar.
1191 4463 1325 4533 Erythras
1346 4461 1390 4525 35,
1409 4471 1435 4513 et
1456 4460 1528 4531 quod
1542 4461 1641 4516 Plinius
1661 4465 1710 4530 x1,
1726 4467 1769 4533 ³2,

159 4544 201 4597 ct.
229 4544 330 4597 Plinius
351 4546 401 4608 VI,
427 4560 461 4612 27
486 4547 501 4611 ς
533 4560 583 4613 ¹⁰7
606 4561 612 4596 ι
640 4543 784 4596 Carmaniae
801 4561 873 4596 oram
892 4563 944 4616 pa·
989 4548 1070 4613 §152
1082 4541 1216 4596 deeodem
1232 4559 1319 4612 prom.
1334 4539 1429 4593 refert:
1445 4540 1771 4612 Naamaclrmorumffla-

158 4634 211 4675 tere
232 4622 384 4675 duodeciens
399 4635 504 4675 centena
523 4627 546 4676 L
570 4626 610 4676 tt.
626 4641 658 4694 p.
680 4621 815 4676 Nearchus
836 4624 944 4696 scripsit
988 4623 1140 4686 coe,·lroram
1151 4619 1354 4673 em.Barbarus.
1365 4621 1376 4686 )
1384 4617 1591 4690 promontorium
1606 4632 1697 4673 cantra
1708 4627 1770 4675 Car·

160 4701 170 4772 (
182 4720 208 4754 ν.
224 4720 303 4773 supra
316 4711 374 4754 not.
388 4719 414 4754 c.
425 4705 482 4770 ορ).
496 4702 540 4754 Ab
552 4700 632 4754 initio
642 4703 699 4772 ejas
708 4700 848 4770 adflrrmen
856 4702 944 4755 Sabim
989 4701 1106 4754 maniam
1118 4699 1205 4753 distat
1215 4703 1236 4752 Ι.
1248 4697 1314 4750 mill.
1321 4715 1352 4769 ρ.
1362 4718 1372 4759 ,·
1382 4697 1450 4749 miro
1467 4713 1506 4749 rea
1521 4695 1560 4749 idi
1570 4697 1695 4752 traditur.
1713 4705 1771 4753 Na·

162 4779 713 4852 CMpassuum5iudeoineascoiietarrm
722 4771 861 4848 adfirrnien
871 4784 945 4833 Arra·
989 4779 1110 4841 meriton,
1130 4779 1165 4831 ab
1190 4777 1319 4830 Antiocho
1341 4794 1396 4842 rape
1416 4779 1525 4830 Marma·
1533 4777 1709 4848 propositam,
1733 4781 1772 4834 ibi

159 4859 234 4924 nim(
250 4859 350 4929 Ἄναμιν
365 4860 471 4912 λεπίσιν.
487 4859 531 4921 33,
545 4858 581 4929 a)
599 4862 678 4911 XXV
689 4862 728 4912 Μ.
747 4859 845 4930 spretio.
866 4860 945 4926 Regia
989 4860 1086 4912 viciare
1101 4857 1185 4910 codem
1198 4857 1241 4908 die
1254 4856 1345 4916 classe,
1357 4866 1471 4925 austrique
1486 4871 1586 4907 retorsa
1596 4854 1688 4908 iterum
1700 4860 1770 4929 cqui-

160 4937 418 4990 uocaturArnurzia.
431 4937 688 5010 Oppidacarmanire
696 4937 789 4990 latis
797 4950 822 4990 rt
829 4939 945 4991 Alexan-
990 4950 1049 4990 tatu
1058 4948 1149 4990 cantra
1156 4940 1249 4988 Persas
1258 4934 1426 4987 dimicantem
1437 4944 1462 4986 at
1469 4934 1572 5000 ,ermina
1582 4945 1680 5005 tropma
1686 4937 1770 4991 eodem

160 5012 223 5063 dria
240 5017 250 5080 (
263 5013 305 5066 Cf.
318 5015 386 5067 Mela
398 5017 454 5079 111,
468 5018 514 5083 8).
530 5019 561 5067 br
576 5015 617 5067 his
627 5027 733 5086 potares
749 5031 799 5069 νοο
812 5016 876 5068 mill.
887 5033 946 5086 pas-
992 5017 1018 5070 in
1030 5017 1084 5068 loon
1098 5015 1159 5066 lori
1171 5031 1202 5066 ac
1217 5015 1339 5085 Nrptrrna
1355 5013 1491 5066 statuisse.
1507 5011 1586 5080 Quod
1603 5013 1703 5066 λίάκετα
1722 5019 1771 5070 Ar·

161 5108 239 5142 sirum
257 5095 352 5145 nostris
371 5093 531 5164 respondere
543 5094 633 5146 stadiis
645 5098 705 5150 800.
719 5098 755 5148 At
769 5095 945 5149 Nearchusab
989 5096 1056 5147 riani
1080 5095 1187 5156 attinet,
1212 5109 1276 5145 num
1299 5101 1368 5144 recte
1387 5091 1494 5156 habeat,
1511 5089 1572 5161 jure
1586 5109 1695 5162 quaeras.
1715 5095 1770 5147 Illa-

160 5169 946 5248 initiosarmanireusqucadhnaminnectebabet,non1000,
989 5175 1045 5225 κίδα
1070 5173 1105 5244 (a
1126 5173 1288 5225 nominativo
1308 5170 1404 5242 ίίίακίς)
1424 5169 1561 5240 legendum
1580 5180 1655 5244 putat
1673 5173 1770 5226 Salma·

162 5246 208 5299 sed
221 5253 287 5303 1600
298 5249 390 5303 stadia.
402 5254 491 5319 Quare
501 5253 534 5304 οίν
544 5252 594 5306 alio
605 5253 680 5305 initio
691 5255 702 5322 (
709 5253 743 5306 ab
751 5269 838 5325 prom.
848 5257 946 5306 Keraat
988 5252 1051 5304 sius.

268 5358 349 5396 umen.
363 5359 380 5398 ν,
1637 5354 1664 5395 ίιί
