3950 5925
235 416 269 464 14
644 405 844 465 Hannonis
867 404 1220 467 csurflaululuusrs
1243 404 1439 465 PElilPLUS.
1821 408 1855 483 (ι)

235 539 326 610 Θημιν,
353 533 422 597 ἀλλὰ
440 534 535 602 πάντες
556 533 652 613 (μὲν)
675 534 807 615 ἀξίρυγον,
834 536 1017 615 κρημνοὸἄται
1061 544 1794 617 perenonpotuimus;omnesenimcllugiebant,quum
1807 566 1858 620 per

235 621 307 687 ὄντες
321 622 366 679 καὶ
380 625 434 689 τοῖς
448 621 550 700 πέτροις
564 621 738 699 ἀμυνόμενοι,
748 626 873 699 γυναῖκας
888 623 916 681 δὲ
929 632 1015 705 τρεῖς,
1062 634 1205 705 praecipitia
1217 630 1374 685 scanderent
1387 643 1413 685 et
1428 634 1496 685 saxis
1510 651 1537 685 se
1554 633 1742 703 defenderem
1757 636 1803 688 scel
1819 638 1858 689 se·

234 707 262 767 nl
275 709 418 769 δοίκνουσαί
429 732 457 769 τε
470 709 516 769 καὶ
539 710 737 790 σπαράττουσαι
759 709 819 778 τοὺς
841 710 951 789 ἄγοντας
970 714 1019 771 οὐκ
1063 722 1148 773 minas
1165 721 1283 790 cepimus
1294 730 1361 783 tres,
1373 737 1433 790 quae
1443 720 1593 774 mordentes
1604 734 1630 775 et
1650 723 1792 777 lacerantes
1805 725 1857 777 du·

237 794 460 867 ἤθελονὲπεσθαι.
502 796 711 863 Ἀποκτείναντετ
724 796 813 874 μέντοι
826 799 908 866 αὐτάς
922 800 1019 868 ἐξεδεί·
1064 818 1150 861 eiures
1166 808 1240 877 sequi
1254 805 1387 859 nolebant.
1426 810 1507 878 Atqui
1523 808 1720 863 occidimuseas
1736 823 1761 864 et
1776 814 1856 883 peiles

236 882 437 963 ραμενκαὶτάς
451 882 747 965 δοράςέκομίσαμενιίς
760 886 932 966 Καρχηδόνα.
977 888 1019 947 Oi
1065 894 1195 947 detractas
1217 894 1408 963 asportavimus
1435 895 1632 965 Carthag'ncm.
1670 899 1762 970 Neque
1782 902 1856 953 enim

237 971 282 1051 (ἀρ
297 971 334 1029 ἔτι
353 971 519 1049 ἀπλεύσαμεν
531 974 709 1054 προσωτέρω,
719 978 772 1033 τῶν
786 973 863 1033 σίτων
876 980 947 1052 ἡμᾶς
961 976 1021 1033 ἐπι·
1066 982 1174 1034 ulterius
1183 982 1371 1051 navigavimus,
1389 998 1474 1052 quum
1492 1000 1597 1036 annona
1610 983 1741 1039 deiiceret.

232 1059 368 1119 λιπόντων.

229 1236 304 1296 putat
320 1229 347 1279 in
365 1230 425 1279 sinu
437 1228 567 1296 Bissago]
583 1227 695 1282 G'orillas
705 1228 784 1281 luisse
797 1231 930 1301 opinatur.
944 1230 1014 1281 Fieri
1059 1232 1194 1281 Poenorum
1218 1227 1373 1298 imperator,
1396 1226 1568 1299 prodiditque
1596 1230 1669 1283 lrirta
1690 1232 1853 1299 seminarum

228 1307 300 1357 enim
317 1325 370 1358 nou
386 1310 503 1377 potuisse
516 1310 581 1378 quin
602 1310 676 1361 Poeni
688 1310 776 1361 simias
793 1327 843 1379 pro
861 1308 1015 1361 hominibus
1059 1325 1184 1379 corpora;
1205 1306 1277 1359 eriros
1293 1306 1452 1378 pernicitate
1464 1307 1580 1360 euasisse
1586 1308 1769 1382 ;dunrumque
1788 1318 1853 1365 Gor·

229 1384 365 1438 haberent.
382 1389 461 1439 Recte
478 1386 601 1457 quidem,
614 1390 636 1440 si
656 1387 691 1440 de
707 1388 856 1456 vulgaribus
878 1388 1016 1440 simiarum
1059 1384 1157 1453 gadum
1169 1384 1239 1437 cutis
1259 1384 1406 1450 argumenti
1416 1397 1441 1438 et
1455 1385 1579 1439 miraculi
1592 1388 1684 1453 gratia
1703 1388 1854 1443 brittannis

130 1472 156 1482 “’
228 1464 364 1534 speciebus
378 1476 512 1535 ageretur;
528 1484 587 1537 quae
608 1478 697 1520 autem
718 1466 844 1520 dicuntur
859 1470 1017 1534 Ornng-On·

230 1554 316 1610 tangs‚
328 1544 362 1595 ab
374 1546 436 1614 ipsis
448 1544 539 1597 incolis
548 1546 669 1599 homines
680 1564 737 1599 esse
747 1548 827 1599 eiiam
839 1565 911 1600 nunc
921 1559 1016 1617 putan-

230 1632 284 1687 tur,
292 1633 318 1675 et
327 1624 584 1693 Carthaginiensibus
594 1636 650 1678 tum
660 1627 786 1697 temporis
794 1637 862 1679 uotae
870 1636 1014 1679 nouerant.

229 1702 254 1753 T
254 1718 300 1753 um
314 1720 377 1754 vcro
390 1702 532 1774 descriptio
545 1705 656 1757 omnino
665 1722 719 1757 non
729 1704 763 1757 ad
774 1705 910 1769 homines,
924 1704 970 1757 sed
982 1704 1016 1757 ad

229 1778 325 1833 bestias
338 1779 459 1851 quadrat.
473 1807 484 1828 ι
501 1784 640 1836 Kuuoros.
652 1785 791 1837 Hermonis
802 1786 919 1837 naumtio
927 1794 1019 1855 postea

229 1859 399 1914 multifariam
417 1860 562 1915 adulterata
576 1873 624 1915 est.
648 1864 717 1916 Mela
730 1866 785 1929 111,
812 1883 827 1933 9
848 1865 884 1916 ita
906 1863 986 1917 habet
1009 1882 1015 1916 :

230 1938 347 1991 Grandis
368 1938 456 1992 litoris
466 1941 556 2009 flexus
569 1940 694 2007 grandem
715 1941 829 1994 insulam
851 1941 973 2005 includit,
991 1942 1018 1995 in

229 2034 282 2086 qun
300 2028 403 2070 tantum
408 2018 527 2088 seminas
539 2037 593 2071 esse
606 2032 726 2083 narrant,
747 2033 802 2073 toto
814 2039 918 2093 corpore
932 2022 1019 2074 lrirsn·

230 2106 273 2148 tas
288 2107 313 2148 et
333 2096 390 2150 sine
403 2096 475 2150 coitu
492 2098 607 2151 marium
623 2118 674 2152 sua
686 2112 777 2172 sponte
790 2100 932 2170 fecundus,
954 2100 1019 2154 adeo

229 2175 331 2246 asperis
352 2176 492 2248 asserisque
514 2178 640 2241 moribus,
661 2192 690 2232 ut
704 2179 824 2251 quadam
842 2180 969 2233 contineri
988 2200 1020 2233 ne

231 2254 389 2307 reluctentur
396 2256 446 2308 uix
457 2255 574 2310 uinculis
580 2258 696 2329 possint.
710 2262 768 2311 Hoc
777 2263 874 2312 Hanno
881 2259 981 2322 retulit,
994 2271 1020 2312 et

231 2333 295 2405 quia
306 2333 426 2387 detracta
438 2336 532 2388 occisis
543 2337 616 2389 coria
621 2338 776 2408 pertulerat,
785 2339 854 2411 fides
864 2338 958 2391 lubitu
968 2350 1017 2391 est.

232 2411 284 2464 atii
303 2430 337 2465 ex
354 2414 461 2466 Gorillis
482 2414 601 2467 lecerunt
620 2417 767 2486 Gorgones,
792 2436 857 2489 quas
875 2417 1018 2471 exboreali

232 2490 328 2545 Alricae
345 2511 390 2548 om
405 2494 549 2564 mythologi
572 2512 627 2547 una
646 2514 708 2548 cum
734 2497 839 2549 Atlante
852 2507 943 2549 monte
965 2497 1019 2555 huc

232 2570 441 2638 transtulerunt,
467 2574 550 2643 iisque
578 2577 744 2627 Amazonum
774 2575 902 2628 muliebre
925 2574 1018 2643 vrslgus

233 2648 420 2718 adjunxerunt.
440 2650 594 2705 Desedibus
609 2661 697 2705 tamen
715 2654 785 2705 inter
795 2670 823 2704 se
838 2670 894 2705 non
909 2670 1019 2705 consen·

234 2729 313 2781 tiunt.
325 2730 487 2801 Palaephatus
493 2749 518 2783 c.
533 2732 565 2785 33
577 2743 629 2785 tres
638 2750 698 2784 suas
709 2734 847 2801 Gorgones
859 2732 887 2784 in
897 2733 1019 2785 &roao-

232 2825 293 2861 rum
314 2810 406 2862 insulis
423 2810 546 2875 collocat3
571 2811 705 2865 Diodorus
722 2816 887 2865 Amazonum
906 2821 933 2864 ct
950 2812 1018 2864 Gor·

230 2908 330 2958 gonum
341 2902 430 2962 gentes
442 2894 470 2945 in
489 2894 520 2945 iis
542 2892 596 2945 lere
610 2894 762 2964 regionibus
776 2894 905 2947 habitasse
926 2891 1016 2962 lingit,

230 2988 296 3040 quas
306 2973 443 3026 Hannonis
455 2975 572 3026 namatio
581 2973 690 3028 indicat.
699 2975 800 3028 insulas
810 2993 868 3045 quie
877 2972 910 3026 ad
921 2975 1019 3044 Hespe·

230 3050 301 3102 rium
318 3053 531 3121 promontorium
549 3050 622 3127 (cap
645 3053 731 3126 Vert)
750 3053 853 3124 jacent,
868 3053 1019 3123 Xenophon

232 3130 425 3200 lampsacenus
440 3143 467 3184 et
479 3133 576 3185 Statius
587 3133 700 3186 Sebosus
721 3134 753 3186 iis
768 3134 901 3202 assignant
912 3151 954 3204 ap.
968 3132 1020 3186 Pli-

232 3208 307 3261 nium
318 3211 367 3273 VI,
386 3210 420 3262 36
432 3227 439 3262 ε
452 3215 546 3263 Contra
560 3212 608 3264 leoc
618 3232 718 3284 quoque
729 3211 940 3285 promontorium
953 3214 1018 3263 Gor·

1062 1464 1156 1536 καιρία
1173 1463 1280 1537 posuit,
1296 1474 1430 1535 spectatas
1444 1483 1524 1536 usque
1537 1465 1575 1517 ad
1589 1467 1769 1533 carthaginem
1788 1488 1853 1541 cup-

1062 1553 1127 1595 tam.
1147 1543 1224 1595 Ultra
1242 1542 1290 1593 lius
1313 1541 1455 1595 etiamnum
1480 1542 1539 1597 duee
1562 1545 1736 1621 Hesperidum
1761 1547 1855 1601 uniatis

1061 1632 1213 1674 narrantur.
1229 1621 1349 1693 Adeoque
1368 1622 1456 1675 οινιιιία
1468 1623 1539 1677 circa
1558 1625 1604 1677 Ιιοσ
1622 1626 1720 1678 incerta
1733 1640 1805 1689 sunt,
1824 1641 1855 1681 ut

1061 1700 1164 1753 Statius
1180 1701 1287 1753 Sebosus
1307 1719 1324 1751 a
1346 1704 1493 1767 Gorgonum
1515 1703 1610 1757 insulis
1624 1706 1855 1776 praenavigatione

1062 1780 1186 1832 Atlantis
1197 1779 1296 1831 dierum
1313 1780 1491 1851 qnadraginta
1507 1782 1545 1834 ad
1564 1783 1737 1855 Hesperidum
1753 1786 1855 1840 inseriae

1063 1877 1167 1911 curstuu
1173 1858 1332 1931 prodiderit,
1344 1860 1378 1911 ab
1389 1860 1423 1912 iis
1432 1860 1471 1911 nd
1482 1864 1597 1933 Hesperu
1607 1879 1679 1913 cereis
1693 1862 1781 1916 verrius.
1795 1868 1805 1933 ΙΙ
1818 1896 1855 1905 -

1063 1939 1205 2007 πέτροις]
1223 1938 1327 2009 μετρίοις
1343 1938 1443 2004 codex;
1460 1958 1512 1992 em.
1527 1942 1650 1993 Gessncr.
1664 1940 1705 1993 Ci.
1720 1944 1735 2009 §
1749 1962 1775 2011 9.
1794 1946 1803 2009 ss
1817 1975 1854 1984 —

1064 2018 1157 2069 σίτων
1173 2017 1371 2070 ἐκλιπόντων
1384 2021 1393 2086 ]
1408 2019 1476 2071 Meia
1485 2022 1535 2085 111,
1553 2039 1568 2088 9
1586 2036 1592 2071 :
1610 2044 1621 2065 ι
1637 2022 1733 2073 [lutino
1746 2024 1855 2074 Cartha·

1062 2094 1200 2163 giniensis,
1211 2095 1375 2167 exploratum
1387 2096 1483 2149 missus
1495 2116 1512 2149 a
1524 2096 1589 2159 suis,
1603 2116 1683 2168 quum
1691 2118 1742 2170 per
1753 2102 1853 2154 Oceani

1064 2174 1161 2227 ostium
1180 2173 1296 2237 exiisset,
1321 2194 1441 2241 tringnnm
1452 2184 1557 2248 partem
1576 2179 1632 2247 ejtu
1645 2177 1851 2244 circumiectus,

1064 2272 1115 2305 non
1128 2272 1155 2305 se
1168 2254 1253 2315 uiuri,
1266 2252 1314 2305 sed
1328 2266 1470 2306 corrrrneatu
1488 2253 1611 2321 defecisse
1625 2268 1766 2309 rnernorntu
1786 2270 1854 2311 retn-

1066 2332 1141 2385 lerat.
1157 2332 1284 2385 Arrianus
1296 2331 1382 2384 indic.
1395 2352 1419 2386 c.
1433 2333 1478 2397 43,
1496 2350 1525 2384 11
1540 2351 1546 2385 :
1565 2332 1657 2385 Ἄννων
1672 2334 1698 2387 δὲ
1713 2334 1727 2386 ὁ
1741 2336 1813 2395 illiue
1828 2336 1854 2389 ἐκ

1065 2412 1223 2483 Καρχηδόνος
1230 2411 1345 2483 ὁρμηθεὶς
1355 2412 1413 2484 ίιπέρ
1425 2413 1467 2484 μὲν
1483 2411 1640 2484 Ἡρακλείους
1653 2414 1744 2481 στήλας
1753 2414 1855 2477 ἐξέπλω-

1065 2510 1105 2544 σεν
1120 2490 1165 2553 ἔξω
1176 2491 1198 2553 ἐς
1212 2491 1254 2543 τὸν
1268 2492 1369 2556 πόντον,
1386 2492 1410 2546 ἔν
1425 2491 1540 2565 ἀριστερῇ
1551 2492 1595 2560 τὴν
1610 2495 1701 2563 nisum
1711 2499 1759 2567 γῆν
1773 2495 1850 2566 ἔχων·

1064 2571 1106 2624 καὶ
1118 2570 1171 2623 ἔστε
1188 2569 1230 2641 μὲν
1240 2569 1299 2641 πρὸς
1316 2570 1451 2641 ἀνίσχοντα
1464 2572 1536 2637 ἥλιον
1557 2573 1571 2625 ὁ
1584 2573 1659 2635 πλόος
1677 2572 1743 2645 αύτῷ
1756 2574 1853 2645 ἐγένετο

1063 2649 1106 2712 τὰς
1119 2651 1196 2710 πάσας
1209 2649 1279 2702 πέντε
1290 2650 1332 2701 καλ
1345 2650 1475 2721 τριήκοντα
1485 2651 1583 2723 ἡμέρας·
1595 2654 1628 2715 ὡς
1641 2654 1667 2705 δὲ
1678 2650 1707 2718 δὴ
1723 2652 1746 2714 ἐς
1758 2673 1853 2724 μεσημ·

1064 2730 1134 2800 optus
1160 2728 1317 2799 ἐξετράπετο,
1338 2730 1459 2803 πολλῇσιν
1484 2728 1652 2805 ἀμηχανίῃσιν
1679 2731 1851 2802 ἐνετύγχανεν,

1063 2809 1150 2869 liburie
1159 2828 1185 2861 τε
1196 2807 1285 2881 ἀπορίῃ
1299 2810 1340 2861 καὶ
1352 2810 1458 2881 καύματι
1477 2810 1632 2883 ἐπιφλέγοντι
1646 2813 1687 2865 καλ
1701 2812 1766 2884 ῥύαξι
1781 2814 1853 2883 πορὶνς

1064 2887 1087 2950 ἐς
1102 2888 1145 2941 τον
1158 2888 1247 2941 πόντον
1263 2886 1438 2959 ἐμύάλλουσιν.
1461 2892 1524 2943 Haeo
1540 2893 1668 2945 Arrianus
1680 2910 1734 2944 non
1748 2910 1780 2944 er
1796 2894 1853 2963 ipso

1063 2969 1194 3020 lianuone
1204 2967 1296 3032 habet,
1309 2966 1355 3020 scd
1364 2987 1397 3021 ex
1409 2980 1529 3037 auctore,
1540 2969 1611 3042 apud
1623 2989 1702 3042 quem
1714 2973 1853 3024 Hannonis
1871 2991 1875 2997 ·

1064 3047 1158 3100 iterati
1169 3048 1322 3100 Giacorun
1336 3049 1545 3120 geographorum
1558 3052 1696 3121 opiniones
1705 3069 1853 3104 accommo-

1064 3126 1156 3178 datum
1168 3135 1232 3178 mat.
1246 3127 1384 3196 Narigavit
1404 3129 1484 3197 igilur
1498 3131 1594 3184 Hanno
1616 3147 1670 3183 nou
1688 3129 1852 3182 occidentem

1064 3223 1155 3257 versus
1164 3244 1171 3270 ,
1180 3203 1227 3256 sed
1235 3206 1362 3259 orientem
1373 3225 1463 3260 versus
1472 3225 1556 3278 usque
1566 3206 1600 3259 ad
1607 3207 1716 3277 Hesperi
1727 3224 1853 3277 promon-

229 3285 311 3352 gndes
325 3286 417 3340 insulae
429 3301 581 3352 narrantur,
594 3293 741 3357 Gorgonum
759 3288 890 3362 quondum
906 3289 1016 3351 domuss
1063 3285 1161 3337 terium
1171 3286 1225 3337 sive
1239 3304 1299 3358 cnp.
1316 3290 1390 3350 Vert,
1402 3288 1448 3341 ubi
1458 3289 1486 3340 in
1499 3285 1671 3340 meridibnule
1683 3285 1773 3356 Libyae
1786 3285 1853 3338 latus

232 3365 309 3418 bidui
329 3366 499 3434 nauigmiane
515 3367 647 3421 distantes
666 3388 684 3421 a
702 3371 861 3432 continente,
886 3381 917 3421 ut
935 3368 1020 3420 tradit
1064 3381 1111 3416 ora
1122 3365 1318 3433 circumagitur.
1333 3367 1475 3439 Hucusque
1488 3385 1540 3419 sec.
1552 3367 1695 3419 Arrianum
1710 3374 1785 3416 erant
1796 3363 1852 3416 dies

233 3444 373 3518 Xenophon
398 3449 597 3520 Lermpsacenus.
622 3448 775 3502 Penetrauit
796 3447 823 3502 in
841 3465 886 3503 eas
902 3449 1018 3510 Hanno,
1066 3443 1528 3520 35;exnostrocomputosuntdics
1541 3447 1584 3520 37.
1598 3443 1850 3514 Cilholcgomeoa.
