3950 5925
141 392 251 469 (a-t.)
422 392 597 453 Dl0NYSll
618 393 900 457 CALLIPllONTlS
922 398 1017 460 FlLll
1039 400 1269 465 DESCRIPTIO
1291 403 1468 467 GRAECIAE.

193 525 339 603 ὁλοσχερῶς
353 522 397 581 tat
409 527 493 580 ταῦτα
503 522 561 591 loir
571 522 616 582 καλ
628 525 778 594 σπουδάσας

194 609 439 691 συμφιλομάθησσν,
455 611 575 691 καθάπερ
587 612 680 680 εἴωθας
693 624 786 673 ποιεῖν.

233 700 288 769 Thr
299 696 428 764 Ἑλλάδος
442 697 512 756 ioris
525 698 672 779 Ἀμόρακία
683 700 774 783 πρώτη
784 702 867 769 πόλις.

153 806 181 844 aa
197 783 268 857 Αθτη
284 785 307 842 δ’
322 784 429 843 ἀποικία
442 784 546 863 λέγεται
561 786 705 865 Κορινθίων

192 864 268 933 εἶναι.
282 872 360 932 Κατδ
372 870 417 931 τὸν
432 870 528 932 κόλπον
544 873 570 933 dl
585 874 628 933 τὸν
641 876 802 953 καλούμενον

192 960 367 1042 Ἀμόρακικδν
379 959 491 1040 ᾤκισται
503 960 586 1036 μίση,
600 964 719 1031 σταδίους
732 967 755 1024 δ’
768 965 823 1045 ἔχει

193 1049 244 1107 cini
257 1053 304 1120 τῆς
317 1048 449 1119 θαλάττης
462 1049 622 1127 ὀγδοήκοντ’.
636 1051 757 1131 ἐπιφανὲς
771 1054 794 1111 δ’

193 1136 261 1215 ἱερὸν
272 1136 380 1207 Ἀθηνᾶς
390 1139 443 1195 ἐστ’
458 1138 484 1193 ἐν
500 1139 568 1216 αὐτῇ
580 1137 626 1196 καί
635 1140 717 1216 λιμήν

151 1245 178 1283 ³0
194 1222 321 1289 κλειστός.
338 1224 612 1303 ΚαλεῖταιΔρυσπίςὴ
624 1226 700 1307 χώρα
713 1227 735 1286 δ’
747 1227 806 1300 θλη.

195 1312 228 1371 Ἡ
239 1313 261 1369 δ’
277 1309 373 1378 Ἑλλάς
383 1310 435 1369 ιἰπδ
443 1315 490 1383 τῆς
500 1311 662 1393 Ἀμόρακίας
675 1306 740 1373 εἶναι
752 1316 823 1374 δοκεῖ

192 1399 308 1476 μάλιστα
320 1398 445 1478 συνεχής·
457 1400 487 1459 τό
500 1398 583 1481 πέρας
593 1403 672 1472 αὐτῆς
682 1403 704 1460 δ’
720 1403 824 1483 ἔρχεται

196 1486 292 1545 iniria
304 1487 423 1565 ποταμὸν
434 1487 556 1561 Πηνειὸν,
566 1491 601 1555 ὡς
610 1488 711 1556 Φιλέας
722 1491 828 1571 γράφει,

194 1574 251 1652 ὄρος
264 1598 292 1633 τε
303 1574 454 1654 Μαγνήτων
466 1574 583 1651 Ὁμόλην
596 1577 769 1653 κεκλημένον.

150 1681 178 1717 as
194 1661 269 1728 Τινὲς
282 1662 310 1720 δὲ
324 1661 371 1732 'thr
386 1662 544 1741 Μαγνησίαν
554 1666 601 1734 τῆς
611 1662 739 1733 Ἑλλάδος

190 1750 308 1827 λέγουσιν
318 1741 399 1823 εἶναι,
410 1750 455 1809 τδν
468 1751 495 1809 δὲ
507 1750 608 1812 Φιλίαν
619 1754 720 1831 άγνσεῖν

189 1837 401 1918 ἀποχωρίσαντα,
418 1844 495 1898 τοῦτο
506 1839 529 1897 θ’
540 1830 606 1899 εἶναι
620 1840 753 1923 συμφανίς

189 1924 241 1990 τοῖς
253 1926 405 2004 φιλομαθεῖν
419 1926 535 2002 μάλιστα
547 1927 781 2006 φιλοτιμουμένοις.

191 2011 265 2083 Πλὴν
280 2012 323 2071 tat
334 2014 367 2072 τὰ
378 2012 459 2072 tant
472 2015 605 2093 τοῦλόγου
618 2016 798 2095 προόιίσσμαι.

148 2121 179 2159 σο
194 2100 249 2161 Ἀπ’
263 2100 425 2181 Ἀμόρακίας
436 2104 471 2169 εἷς
483 2102 634 2162 Θετταλίαν
643 2107 721 2183 τριῶν
735 2104 792 2170 ὁδός

191 2190 245 2248 ἔσθ’
256 2194 372 2269 ἡμερῶν.
384 2188 464 2269 Ἔχει
473 2190 501 2249 δὲ
512 2192 630 2269 πσταμδν
646 2192 785 2270 λεγόμενον

189 2278 217 2338 'A
223 2284 314 2358 ρατθον
329 2280 365 2345 τίς
374 2278 505 2337 θάλατταν
518 2278 632 2353 ἐξιόντα,
645 2280 692 2339 καί

188 2366 245 2445 όρσς
256 2366 394 2446 πρόσεστιν
408 2366 476 2446 ἱερὸν
491 2367 706 2445 ίπικεκλημένσν.

971 550 1028 592 toto
1036 543 1126 595 animo
1137 542 1237 596 dedens
1251 544 1291 596 nis
1304 545 1465 617 studensque

972 648 1075 683 mecum
1091 632 1154 683 velis
1168 631 1279 697 discere,
1290 635 1328 686 uti
1342 634 1425 687 lacere
1438 635 1514 688 solus.

1006 720 1113 772 Graciae
1129 720 1215 791 prima
1226 721 1291 773 urbs
1301 723 1440 776 Ambracia
1451 734 1500 777 est.

970 806 1033 857 Haec
1044 805 1147 857 colonia
1160 804 1258 859 dicitur
1271 809 1471 862 Corinthiorum

969 910 1034 945 essa.
1049 892 1092 946 Ad
1102 894 1190 946 sinum
1202 912 1282 965 quem
1297 907 1392 949 vocant

970 979 1142 1033 Ambracium
1155 980 1263 1033 condita
1273 991 1313 1034 est
1324 981 1457 1049 modium,
1470 984 1553 1037 stadia

969 1083 983 1117 a
999 1066 1065 1118 mari
1074 1065 1173 1118 distans
1183 1068 1324 1135 octoginta.
1335 1068 1444 1121 Celebre

968 1152 1094 1205 Minervae
1105 1154 1233 1224 templum
1247 1154 1335 1220 habet,
1346 1174 1377 1209 ac
1389 1167 1497 1227 portum

968 1238 1095 1291 clausum.
1113 1241 1232 1292 Vocatur
1244 1242 1358 1312 Dryopis
1371 1242 1427 1294 haec
1440 1253 1495 1295 tota
1507 1246 1590 1313 regio.

968 1327 1070 1378 Graecia
1081 1338 1169 1379 autem
1182 1327 1244 1381 inde
1253 1329 1287 1381 ab
1297 1330 1437 1384 Ambracia
1449 1332 1620 1387 videturesse

968 1416 1082 1467 maxime
1094 1416 1235 1481 contiuua,
1250 1428 1278 1469 et
1290 1417 1354 1471 hinc
1364 1420 1479 1488 pertinet

967 1516 1052 1569 usque
1066 1500 1100 1553 ad
1110 1504 1227 1555 Peneum
1240 1503 1360 1567 llurium,
1371 1514 1401 1555 ut
1411 1504 1514 1557 Phileas
1526 1507 1627 1572 scribit,

969 1596 1139 1658 montemque
1150 1588 1303 1657 Magnetum
1317 1590 1448 1642 Homolen
1461 1590 1573 1645 dictum.

966 1674 1092 1726 Nonnulli
1105 1686 1192 1727 tamen
1206 1678 1366 1745 Magnesiam
1378 1679 1486 1731 Graeciae
1495 1698 1551 1732 csse

965 1770 1068 1829 partem
1076 1758 1178 1825 dicunt,
1191 1772 1218 1814 ct
1229 1762 1545 1830 ignammessePhileam,

965 1846 1012 1914 qui
1022 1862 1079 1898 cam
1091 1848 1259 1917 separaverit,
1270 1848 1351 1919 idque
1361 1867 1417 1902 esse
1431 1851 1600 1904 manifestum

965 1930 1093 1984 doctrinae
1106 1932 1175 1985 laudi
1187 1933 1302 1986 maxime
1313 1934 1491 1989 studentibus.

964 2018 1017 2071 Sed
1026 2018 1060 2071 ad
1071 2019 1202 2089 reliquum
1212 2023 1343 2074 moronis
1349 2020 1406 2092 jam
1419 2024 1584 2094 progrediar.

965 2104 1009 2158 Ab
1021 2105 1161 2159 Ambracia
1168 2108 1195 2159 in
1206 2107 1367 2161 Thessaliam
1379 2110 1460 2163 trium
1471 2112 1513 2163 via

964 2190 1069 2243 dierum
1079 2203 1127 2245 cat.
1143 2192 1229 2247 Habet
1238 2193 1281 2247 illa
1294 2193 1406 2248 flurium
1420 2212 1500 2267 quem
1509 2205 1605 2249 vocant

966 2284 1108 2338 Aratthum
1124 2286 1152 2337 in
1167 2304 1239 2338 mare
1255 2298 1407 2353 exeuntem,
1420 2298 1500 2358 atque

966 2389 1043 2424 mons
1054 2371 1155 2443 adjacet
1170 2374 1248 2427 Sacer
1255 2376 1467 2444 cognominatas.

964 2462 1147 2514 Praetervectio
1157 2473 1197 2514 ast
1209 2462 1354 2515 stadiorum
1363 2473 1470 2515 centum
1483 2462 1585 2531 viginti.

964 2549 1027 2599 Post
1033 2547 1101 2600 hanc
1111 2546 1208 2599 deinde
1218 2558 1281 2599 sunt
1294 2550 1394 2602 Orestas
1405 2566 1473 2619 quos
1481 2547 1591 2613 dicunt,

965 2644 1023 2685 tum
1037 2634 1222 2705 Amphilochia
1230 2653 1239 2699 ;
1250 2636 1335 2703 Argos
1344 2633 1380 2686 ibi
1394 2644 1434 2687 ast

964 2719 1205 2791 Amphilochicum.
1218 2721 1371 2791 Sequuntur
1384 2725 1550 2784 Acamaocs3
1560 2720 1640 2773 urbes

964 2806 993 2859 bi
1007 2818 1097 2860 tenent
1107 2807 1256 2879 complures
1268 2818 1347 2878 atque
1361 2808 1528 2873 leucadem,

963 2903 1114 2965 postquam
1128 2912 1239 2964 magnus
1247 2895 1320 2947 sinus
1329 2893 1363 2947 ad
1372 2893 1504 2947 Isthmum
1518 2892 1628 2947 tendens
1641 2904 1696 2958 σοις

963 2981 1055 3034 insulae
1066 2982 1255 3052 Cephallenum
1268 2982 1372 3034 adeum
1382 2983 1437 3034 sitas
1448 2991 1526 3046 suat;

962 3067 1066 3133 Ithaca,
1079 3069 1212 3137 octoginta
1221 3067 1275 3120 sere
1285 3067 1442 3133 stadiorum,
1451 3079 1561 3138 aogtnta
1571 3068 1624 3134 illa,

190 2454 310 2514 Σταδίων
321 2456 345 2513 δ’
358 2458 372 2513 θ
382 2454 537 2535 παράπλους
547 2456 616 2514 ioris
629 2455 722 2514 ίκατδν
733 2454 839 2515 εἴκοσιν.

148 2562 175 2600 το
192 2532 259 2601 Εἶτα
275 2540 343 2619 μετὰ
354 2541 452 2613 ταύτην
467 2544 515 2603 alo’
530 2541 657 2622 Ὀρίσται
670 2542 817 2620 λεγόμενοι·

188 2620 236 2687 εἶτ’
250 2626 406 2711 Ἀμφιλοχία
418 2632 455 2688 δ’·
467 2628 559 2709 Ἀργος
571 2630 671 2690 ἐνταῦθ’
682 2629 737 2689 iou
751 2628 780 2688 τό

190 2717 385 2798 Ἀμφιλοχικόν.
398 2718 475 2777 Μετὰ
486 2722 556 2777 τοῦτ’
569 2718 738 2798 Ἀκαρνᾶνες·
750 2718 839 2784 πόλεις

188 2796 257 2863 οὗτοι
267 2806 289 2863 δ’
300 2804 388 2883 ίχσνσι
398 2806 528 2877 πλείονας,
541 2805 587 2864 καλ
596 2806 734 2879 Λευκάδα,

188 2894 233 2970 ἀφ’
244 2884 276 2964 ἧς
285 2892 366 2972 μίγας
380 2894 435 2951 ἐστὶ
446 2894 542 2960 κόλπος
557 2896 592 2962 είς
605 2892 711 2970 Ἰσθμόν
722 2890 817 2974 φίρων.

146 3002 175 3040 σο
192 2983 278 3052 Naso
294 2971 474 3063 Κεφαλλήνων
487 2983 510 3040 δ’
523 2984 549 3040 ἐν
562 2985 633 3062 αὐτῷ
646 2981 777 3058 κείμεναι·

186 3069 280 3141 Ἰθάκη
295 3069 407 3128 σταδίων
418 3071 429 3149 [
440 3070 497 3149 ὡς]
514 3068 692 3147 ὀγδοήκοντα,
708 3069 802 3146 marri,

128 3291 232 3362 jactura
251 3293 386 3344 Ictronno
399 3291 509 3363 probata
530 3293 569 3345 διδ
590 3293 692 3347 σεαοτδν
713 3291 755 3362 μὲν
777 3291 865 3361 βραχύ,
887 3309 920 3344 eo
965 3293 1058 3344 Dcscr.
1072 3292 1121 3345 Gr.
1136 3308 1164 3361 p.
1181 3291 1232 3343 318
1248 3290 1360 3360 Ἄραιθον
1376 3291 1490 3360 scripsit,
1501 3289 1599 3342 collatis
1611 3291 1752 3345 fluviorum

128 3373 211 3424 etiam
226 3371 333 3423 nomine
347 3371 449 3435 vitiosa,
465 3369 537 3441 quod
553 3371 596 3442 μὲν
608 3389 720 3425 nonsuo
734 3371 792 3426 loco
804 3371 919 3442 positum
963 3369 1116 3421 nominihus
1128 3368 1247 3429 Ὕλαιθσς
1258 3379 1284 3421 et
1295 3369 1435 3440 Σθμαιθος)
1449 3379 1476 3421 et
1496 3367 1601 3420 codices
1616 3370 1753 3422 Strabonis

131 3461 181 3503 cst.
205 3451 296 3520 Neque
315 3450 395 3520 βραχὺ
418 3451 453 3502 ita
475 3459 506 3502 ut
522 3451 615 3505 volunt
636 3451 689 3504 dici
710 3460 804 3521 potest.
824 3471 835 3499 ν
855 3450 865 3518 ΙΙ
884 3479 920 3490 -·
962 3449 1026 3512 vu,
1042 3465 1071 3519 p.
1087 3447 1156 3512 325,
1174 3447 1221 3500 ubi
1236 3458 1298 3500 ante
1316 3449 1471 3500 Crumerum
1485 3444 1612 3500 edebatur
1624 3446 1751 3517 Ἅραχθος,

131 3546 176 3581 aa.
190 3532 251 3582 Post
263 3529 402 3599 ὁλοσχερῶς
413 3527 488 3582 editt.
500 3528 603 3582 addunt
614 3531 647 3594 δ’,
660 3547 714 3600 quo
723 3546 790 3601 opus
801 3546 855 3581 non
869 3538 916 3582 cst.
962 3528 1036 3598 quod
1055 3527 1173 3598 praebent
1186 3526 1342 3580 Ptolemaeus
1355 3527 1405 3590 111,
1433 3527 1597 3596 13p.·227,
1622 3527 1652 3578 ιθ
1673 3529 1750 3593 (var.

136 3611 147 3678 ΙΙ
164 3638 201 3649 -
212 3609 256 3662 25.
269 3614 318 3661 τῶν
329 3609 462 3679 Κορινθίων
476 3608 549 3674 cod.;
564 3627 616 3662 em.
626 3609 701 3663 editt.
714 3611 724 3680 ll
734 3639 771 3650 -
781 3612 825 3662 28.
838 3600 921 3660 lloltloi
962 3606 1022 3659 lect.
1043 3606 1170 3677 Ἄραχνος,
1187 3605 1299 3676 Ἆρακτος
1309 3604 1330 3675 ),
1348 3605 1423 3658 editt.
1444 3605 1521 3658 Pliuii
1534 3606 1584 3670 IV,
1606 3622 1618 3658 1
1631 3644 1638 3670 ,
1662 3607 1753 3659 Livius

129 3687 233 3751 codcx;
249 3705 303 3740 non
319 3687 450 3756 θαλάσσης.
466 3688 569 3741 Deinde
580 3688 607 3742 π’
615 3688 709 3753 codex,
720 3706 844 3742 numeros
853 3706 920 3740 non·
962 3689 1061 3750 XLIII,
1073 3702 1118 3738 aa.
1135 3684 1226 3738 Codex
1236 3683 1329 3754 Polyb.
1341 3684 1431 3747 XXII,
1442 3701 1469 3751 9,
1480 3687 1497 3745 4
1509 3681 1608 3753 Ἄρατος
1619 3684 1657 3751 (l.
1672 3682 1751 3754 Ἄρατ-

132 3847 195 3900 lacit
207 3845 297 3916 Scylax
311 3850 325 3914 S
341 3847 384 3910 33,
402 3849 447 3916 qui
464 3865 512 3918 per
525 3856 611 3900 totum
623 3847 793 3900 hunclocum
811 3846 918 3899 eosdem
963 3845 1122 3916 Lycophron
1142 3845 1215 3896 Cass.
1231 3847 1319 3912 4ορεε
1332 3841 1506 3895 Callimachus
1519 3859 1562 3912 ap.
1576 3843 1697 3894 Tzetaem
1716 3842 1750 3894 ad

128 3926 170 3978 vel
183 3925 328 3979 simillimos
339 3924 425 3978 sontes
438 3925 569 3979 adhibuit.
585 3927 596 3994 ΙΙ
610 3943 701 3995 -αρ,
714 3925 781 3979 Illud
793 3927 919 3978 Minervae
962 3926 1027 3994 Lyc.
1050 3923 1173 3993 ’Apotloc;
1195 3923 1286 3976 Livius
1304 3922 1459 3984 XXXVIII,
1485 3921 1512 3977 3.
1537 3921 1664 3973 Aterion.
1687 3921 1698 3989 ΙΙ
1714 3951 1751 3963 -

128 4004 222 4058 lanum
234 4003 339 4057 aliunde
359 4022 413 4056 nou
431 4015 525 4057 notum
537 4016 586 4059 est.
601 4007 692 4058 Unum
707 4005 836 4076 Apollinis
854 4015 918 4057 tenr-
962 4005 1006 4066 43.
1023 4004 1117 4056 Strabo
1129 4004 1199 4065 VII,
1214 4018 1242 4072 p.
1254 4001 1305 4054 325
1317 3999 1352 4052 ad
1360 3999 1500 4070 Nicopolin
1511 4017 1567 4052 esse
1577 3998 1643 4052 dicit
1651 4001 1751 4069 τέμενος

128 4084 204 4154 plum
222 4094 351 4136 ureruorat
368 4083 462 4136 Strabo
476 4085 538 4148 Vll,
554 4103 581 4157 p.
600 4085 661 4137 225.
676 4086 799 4137 Ceterum
818 4085 918 4136 Miner·
962 4083 987 4136 ἔν
1000 4087 1036 4155 τῷ
1045 4081 1210 4152 θπερκειμίνῳ
1221 4084 1265 4132 τοῦ
1275 4080 1364 4140 ἄλσους
1377 4079 1449 4149 ἱερῷ
1466 4078 1550 4149 λόφῳ
1562 4081 1606 4130 τοῖι
1623 4075 1748 4131 Ἀπόλλω-

129 4181 189 4215 vam
203 4163 334 4228 Corinthi,
345 4164 426 4234 inque
437 4164 637 4218 Corinthiorum
647 4164 772 4228 coloniis,
785 4162 915 4226 leucade,
961 4181 1010 4224 νος.
1032 4162 1111 4214 Hunc
1130 4162 1209 4213 ctiam
1223 4160 1342 4229 Dionysii
1354 4176 1410 4212 esse
1423 4168 1541 4210 montem
1559 4174 1662 4210 uuum
1675 4168 1750 4227 putat

128 4245 284 4306 Anactorio,
306 4242 372 4306 aliis,
394 4243 490 4296 cultam
510 4242 598 4308 luisse,
620 4261 635 4296 e
655 4261 798 4295 humorum
813 4240 918 4294 indiciis
960 4240 1088 4303 Manius,
1101 4237 1261 4307 suffragante
1274 4237 1384 4290 Fubrio.
1400 4235 1511 4304 Quodsi
1526 4245 1575 4299 ast,
1590 4245 1683 4287 auctor
1692 4253 1750 4326 sen-

126 4321 227 4390 colligit
240 4321 367 4374 Mt'rllcrus
388 4325 453 4374 Dor.
472 4323 496 4387 1,
514 4340 541 4393 p.
565 4323 626 4391 397.
648 4322 808 4375 Sententiam
829 4331 919 4373 noster
961 4318 1070 4370 tentiam
1083 4319 1211 4387 expressit
1227 4318 1372 4387 perincpte.
1389 4315 1463 4368 Alius
1476 4315 1565 4385 potius
1576 4331 1652 4366 mons
1665 4312 1699 4365 ad
1714 4332 1748 4365 sr-

128 4401 203 4453 locus
213 4401 308 4454 lirrnat.
326 4402 336 4470 ll
351 4431 388 4441 -
402 4402 446 4454 so.
462 4404 581 4474 Dryopes
592 4404 619 4454 in
633 4401 684 4454 hac
694 4402 767 4471 Epiri
778 4410 852 4470 parte
864 4417 918 4452 rne-
960 4397 1070 4450 nistram
1082 4396 1156 4448 llnvii
1165 4397 1250 4466 ripam
1257 4396 1323 4447 situs
1334 4392 1517 4464 intelligendus
1528 4402 1576 4456 est,
1586 4391 1749 4446 hauddubie

128 4491 215 4532 morat
227 4481 305 4532 etiam
317 4478 417 4532 Plinius
428 4481 477 4544 IV,
491 4496 502 4531 1
517 4479 526 4550 (
540 4479 690 4552 Orssiopaei,
704 4483 830 4550 Dryopes,
843 4477 914 4540 Selli,
962 4476 1081 4537 Cronius,
1094 4492 1175 4546 quem
1186 4473 1334 4528 Ambracia
1343 4483 1460 4526 montem
1472 4471 1537 4524 dicit
1547 4472 1648 4524 Plinius
1656 4475 1703 4537 lv,
1720 4473 1747 4546 3,

127 4559 261 4632 Ilcllopes,
283 4556 412 4628 Molossi)
429 4569 456 4610 et
472 4559 623 4612 Athanadas
637 4561 665 4611 iu
684 4557 851 4628 Ἀμόρακικσῖς
871 4574 913 4626 ap.
960 4557 1028 4608 sicut
1041 4555 1155 4625 Κράνεια,
1168 4555 1263 4624 χωρίον
1280 4552 1467 4623 Ἇμόρακιωτῶν
1485 4569 1500 4604 e
1516 4551 1691 4622 Theopompo
1709 4551 1748 4604 al·

128 4639 258 4690 Antonin.
268 4637 327 4690 Lib.
339 4655 363 4688 c.
375 4640 390 4699 4
405 4636 466 4708 (Fr.
480 4639 548 4690 Hist.
559 4640 608 4701 IV,
621 4655 647 4708 p.
659 4638 709 4699 344
718 4637 738 4707 ).
753 4638 763 4704 ΙΙ
774 4665 810 4678 -·-
819 4637 863 4688 31.
876 4637 917 4688 De
961 4635 1045 4688 fertur
1057 4651 1101 4705 ap.
1115 4634 1206 4704 Stcph.
1219 4635 1282 4704 Byz.
1296 4634 1307 4701 ΙΙ
1321 4663 1357 4674 -
1369 4635 1413 4694 44.
1427 4630 1467 4684 CI.
1480 4629 1573 4700 Scylax
1593 4633 1609 4698 5
1627 4631 1672 4683 33.
1686 4631 1697 4698 ll
1712 4659 1749 4671 -

127 4734 157 4767 re
175 4715 210 4768 cl.
231 4716 322 4788 Scylax
338 4719 353 4784 ς
373 4716 405 4768 33
420 4727 447 4769 et
464 4717 508 4769 65.
528 4747 564 4757 -
585 4719 629 4769 θα.
652 4718 773 4786 συνεχεῖς,
794 4713 823 4768 ab
845 4715 917 4784 πίρας
961 4715 1007 4778 45.
1020 4712 1081 4784 μετὰ
1092 4713 1182 4779 ταθτην
1194 4711 1398 4776 είσλνσοιίςειιι.
1412 4709 1544 4763 Meinekc.
1555 4711 1623 4762 Dein
1639 4708 1748 4779 Ὀρεῖται

127 4795 151 4844 δ’
168 4793 230 4866 αὐτῇ·
248 4793 302 4864 ἔρχ.
322 4793 405 4846 codex
415 4815 423 4861 ;
443 4813 495 4848 em.
514 4797 634 4848 Vossius.
659 4797 670 4864 ΙΙ
689 4825 726 4836 -
749 4796 793 4847 33.
817 4793 915 4847 Πιινιδν
961 4793 1034 4858 cod.;
1044 4811 1096 4846 em.
1107 4794 1219 4846 Casaub.
1234 4794 1245 4861 ll
1258 4795 1348 4855 -46,
1363 4789 1506 4861 Ἀμφίλοχοι
1520 4788 1605 4859 Ἄργος
1615 4789 1638 4840 δ’
1648 4786 1748 4840 ἐνταῦθ’

127 4873 189 4925 cccl.
207 4875 217 4942 41
234 4903 270 4913 --
280 4875 322 4936 34.
334 4873 475 4943 Μαγνητῶν
494 4871 623 4946 Ὁμόλλην
639 4873 699 4927 cod.
715 4877 725 4944 ll
739 4905 775 4914 -
789 4875 832 4927 38.
844 4873 915 4944 φιλο·
961 4873 1121 4937 σοάειιςεειι.
1132 4872 1263 4925 Meinekc.
1281 4873 1292 4940 ΙΙ
1303 4901 1340 4912 -
1349 4881 1394 4939 47.
1403 4869 1571 4940 μετθτοότους
1585 4867 1632 4922 ’An
1646 4867 1745 4933 codex;

129 4952 218 5020 μαθέσι
230 4951 303 5018 cod„
323 4971 375 5006 am.
387 4952 518 5006 Meinche.
532 4954 574 5006 Cf.
592 4955 720 5025 Scymnus
740 4969 791 5006 ro:
807 4955 859 5014 τοῖς
877 4953 915 5006 θέ-
961 4952 1109 5006 em.ll1cin.
1128 4953 1138 5019 ΙΙ
1151 4982 1186 4991 -
1198 4953 1243 5003 5ι.
1259 4949 1342 5016 Ἰθάκη
1357 4950 1427 5002 σταδ.
1441 4949 1478 5013 π’,
1493 4948 1567 5014 στενή
1578 4946 1744 5042 σοάοκφσω.

127 5031 202 5084 locor
214 5033 372 5104 φιλομαθεῖν.
387 5033 511 5086 Ceterum
524 5051 575 5104 pro
593 5033 731 5102 inelegauti
744 5034 793 5085 isto
807 5031 914 5103 φιλομα-
958 5031 1089 5085 Meinelxe.
1105 5031 1146 5084 ct.
1160 5031 1253 5084 Strabo
1267 5031 1303 5095 X,
1320 5047 1347 5101 p.
1364 5029 1415 5092 455
1435 5046 1441 5082 :
1455 5029 1543 5090 κθκλσς
1553 5027 1563 5099 (
1573 5027 1634 5080 deb.
1651 5029 1745 5097 μηκας)

128 5113 183 5163 θεῖν
209 5111 423 5184 φιλοτιμουμένοις
445 5111 524 5165 fuisse
540 5113 628 5183 potius
650 5111 803 5182 πολομσιθιῖν
830 5110 912 5181 φιλστ.
959 5111 986 5164 δὲ
1006 5115 1050 5176 τῆς
1069 5109 1164 5176 Ἰθάκης
1180 5108 1246 5162 ἐστὶν
1259 5109 1292 5171 ὡς
1311 5108 1467 5178 ὀγδοήκοντα
1486 5106 1654 5197 σταδίων.185
1675 5104 1744 5158 stad.

127 5191 277 5243 hicinclxius
294 5195 450 5264 suspicatur.
466 5194 476 5261 ll
492 5223 528 5232 -
538 5195 582 5255 4ο.
599 5191 770 5262 Ἀρατθον]
783 5192 821 5243 sic
832 5190 916 5244 codex
960 5189 1151 5259 longitudinem
1167 5206 1199 5241 ex
1216 5188 1386 5243 Artemidoro
1398 5197 1471 5242 notat
1488 5186 1650 5258 Porphyrius
1665 5187 1743 5238 Autr.

129 5271 206 5337 (ιιοιι
223 5270 334 5341 Ἄραδον,
350 5273 389 5324 uti
407 5271 472 5324 dicit
490 5271 619 5336 Meinclte,
639 5273 684 5342 qui
706 5289 766 5324 curn
787 5270 917 5323 Pahncr'ic
962 5271 1071 5340 nymph.
1089 5287 1114 5338 p.
1139 5272 1197 5331 ιι4.
