3950 5925
222 462 279 512 rso
700 446 876 517 ιινοιννιιι
897 444 1094 522 (lentant,
1115 446 1168 506 ur
1189 445 1361 522 ruerus)
1730 441 1838 519 (πη.)

222 579 374 661 νωτορύρας,
386 576 471 657 ὀρεινή
484 599 512 633 τε
522 576 567 634 καὶ
576 574 713 646 δύσύατος,
725 573 791 654 είίρα
803 574 892 654 παχύν
905 573 1003 652 ίχουσα
1047 592 1108 635 tana
1118 600 1167 635 nse
1174 581 1250 636 laclle
1258 583 1364 653 pervia,
1375 597 1462 635 aerem
1478 598 1594 633 messum
1604 579 1704 633 habens
1714 591 1740 633 et
1749 578 1839 632 nebu·

222 667 265 725 καλ
277 664 413 744 ὁμιχλώδη
420 663 487 743 [καὶ]
498 663 566 721 κατὰ
572 664 625 719 τῶν
637 660 748 739 δένδριον
755 659 896 740 φερόμενον
904 659 947 717 τὸν
958 657 1003 716 λί-
1047 667 1143 733 Ιοεειιιι,
1157 678 1236 737 atque
1245 667 1350 720 tbusex
1361 666 1501 720 arboribus
1513 668 1680 737 proveniens.
1718 665 1840 718 Arbores

223 753 313 811 ύανον.
355 746 435 811 Ἐστι
447 746 474 807 δέ
487 746 519 805 τὰ
534 746 626 826 δένδρα
636 744 670 804 τὰ
681 745 842 826 λιὸανορύρα
857 748 885 804 ού
900 744 1003 822 μεγάλα
1047 753 1097 807 illae
1107 753 1242 807 murilem
1254 771 1309 806 uon
1320 753 1467 807 admodum
1477 771 1578 822 magna
1591 771 1678 823 neque
1691 752 1749 805 altre
1758 762 1835 815 sunt,

222 840 281 899 λίαν
293 836 352 899 οὐδὲ
370 835 475 916 ὑψηλὰ,
494 833 565 915 φέρει
580 832 607 893 δὲ
623 832 668 893 tri
686 836 725 913 τῷ
739 834 821 913 φλοιῷ
839 832 1004 910 πιγσσύμενον
1047 841 1110 894 thus
1121 858 1184 893 vero
1196 840 1387 912 producuntin
1398 842 1496 893 cortice
1509 850 1673 904 concretum,
1684 842 1752 893 sient
1761 838 1839 911 apud

197 954 209 991 ι
222 928 266 985 τὸν
278 925 394 997 λίύανον,
418 922 454 997 ὥς
468 946 526 981 τινα
540 923 586 981 καί
601 926 653 980 τῶν
666 920 728 1002 παρ’
742 922 805 996 ἡμῖν
827 923 855 979 δν
876 919 1005 999 Αἰγύπτῳ
1048 944 1097 979 nos
1110 944 1217 997 qnoque
1228 926 1255 979 in
1269 927 1381 998 AEgypto
1391 926 1497 979 arbores
1507 925 1628 996 quadam
1639 926 1741 994 gummi
1752 925 1840 995 inup-
1896 925 1900 931 '

222 1013 334 1093 δένδρων
349 1009 455 1090 δακρύει
467 1008 498 1069 τδ
517 1008 614 1087 κόμμι.
656 1004 874 1086 Μεταχειρίζεται
888 1007 915 1066 δέ
930 1009 944 1064 ὁ
964 1006 1005 1064 ll·
1049 1013 1282 1081 mant-Colligitur
1291 1012 1354 1066 thus
1367 1030 1448 1064 manu
1458 1028 1595 1065 servorum
1607 1012 1741 1081 regiorum
1754 1020 1840 1080 atque

222 1099 300 1167 ύανος
324 1097 375 1160 ύπδ
396 1096 496 1161 δούλοιν
522 1097 664 1175 βασιλικῶν
687 1093 734 1153 καλ
753 1097 806 1151 τῶν
828 1092 872 1151 ἐπὶ
892 1091 1005 1172 τιμωρίιγ
1048 1099 1195 1169 eorumqui
1204 1116 1287 1169 poenae
1295 1098 1443 1151 causailluc
1450 1100 1602 1150 mittuntur.
1638 1095 1841 1150 Namlocahaec

225 1184 415 1264 πεμπομένων.
459 1182 595 1244 Ἐπίνοσοι
607 1182 634 1241 δέ
647 1184 736 1249 δεινῶς
749 1182 773 1238 οἱ
786 1178 873 1255 τόποι,
889 1181 1004 1245 καὶτοῖς
1049 1202 1129 1255 quarn
1145 1185 1259 1237 maximo
1275 1192 1338 1237 sunt
1360 1182 1514 1247 nsatubria,
1528 1182 1597 1235 adeo
1615 1192 1645 1235 ut
1666 1182 1839 1253 praeternavi-

225 1271 273 1345 μὲν
285 1270 467 1352 παραπλέουσι
478 1267 607 1345 λοιμικαὶ,
621 1270 675 1333 τοῖς
687 1267 715 1325 δέ
732 1266 913 1345 ἐργαζομένοις
933 1266 1004 1322 πύν-
1049 1270 1170 1340 gentibus
1183 1280 1282 1341 pestem
1293 1268 1388 1321 aliene
1401 1280 1513 1339 queant,
1527 1285 1636 1339 prorsus
1647 1277 1735 1321 autem
1751 1266 1839 1319 letalia

185 1382 210 1421 to
223 1381 283 1417 τοτε
295 1356 461 1429 θανατώδεες,
475 1355 513 1415 ἔτι
528 1354 583 1435 (δὲ)
601 1354 646 1412 καί
659 1353 702 1413 διὰ
715 1350 762 1423 τὴν
775 1352 875 1412 ίνδειαν
887 1354 933 1425 τῆς
943 1374 1006 1433 τρο·
1049 1358 1103 1411 sint
1113 1355 1315 1428 operariisiiiis,
1329 1354 1376 1426 qui
1385 1364 1510 1427 praeterea
1518 1355 1597 1407 etiam
1611 1352 1740 1405 obrictus
1749 1369 1838 1423 penu·

226 1449 276 1525 ρῆς
291 1447 404 1524 εὐχερῶς
419 1440 617 1518 ἀπολλυμένοις.
1049 1444 1116 1496 riam
1131 1441 1205 1495 lccile
1215 1451 1338 1512 pereunt.

264 1550 300 1591 ιο.
323 1529 426 1591 Τούτου
447 1530 470 1587 δ’
485 1528 555 1588 ἐστὶν
573 1526 734 1607 ἀκρωτήριον
753 1532 799 1587 τοῦ
820 1526 919 1603 κόσμου
932 1526 1008 1604 μίγι-
1087 1529 1132 1582 30.
1147 1530 1195 1582 list
1207 1544 1271 1579 vero
1285 1527 1319 1579 ad
1331 1528 1404 1580 hunc
1418 1528 1507 1579 sinum
1518 1527 1730 1598 promontorium
1741 1523 1839 1577 mundi

225 1638 285 1677 σειν
297 1662 305 1687 ,
318 1616 467 1677 tuomum
480 1618 516 1682 εἰς
528 1614 674 1687 ἀνατολὴν,
688 1614 869 1691 ὁκαλούμενος
879 1614 1007 1692 Σύαγρος,
1051 1619 1207 1680 maximum,
1218 1614 1251 1667 ad
1261 1614 1389 1668 orientem
1401 1616 1656 1686 spectans,·Syagrus
1666 1614 1838 1685 appeliatum,

224 1704 263 1784 tq’
278 1696 307 1763 oi
323 1704 445 1785 φρούριόν
464 1706 521 1761 ἐστι
536 1706 582 1773 τῆς
600 1700 689 1781 χώρας
709 1703 754 1760 καλ
775 1701 856 1778 λιμὴν
877 1702 922 1759 καί
940 1702 1008 1759 dno-
1051 1704 1147 1773 inquo
1160 1703 1273 1771 regionis
1287 1711 1326 1754 est
1338 1702 1473 1757 castelium
1485 1712 1512 1755 et
1526 1712 1618 1773 portus
1631 1702 1772 1769 thurisque
1785 1700 1841 1751 coi·

187 1818 211 1857 tt
225 1789 292 1863 θήκη
307 1796 352 1850 τοῦ
365 1789 540 1866 συναγομένου
555 1787 811 1847 >didiceruntsed
825 1793 914 1847 τοῦτον
929 1788 955 1845 έν
970 1789 1009 1866 τῷ
1052 1789 1111 1843 lecti
1120 1788 1317 1860 repositorium.
1354 1789 1395 1840 Ex
1405 1787 1517 1841 adverso
1526 1787 1584 1857 ejus
1594 1790 1622 1840 in
1630 1786 1683 1839 aito
1694 1786 1779 1839 insula
1788 1796 1838 1848 est,

224 1877 333 1955 πελάγει
344 1881 436 1949 νῆσος,
452 1875 502 1933 ἀνὰ
514 1874 593 1953 μέσον
608 1875 699 1934 τούτου
711 1874 811 1935 καὶτοῦ
825 1873 907 1952 πίραν
922 1878 1009 1953 ἄκροι·
1052 1873 1140 1928 media
1158 1875 1227 1927 inter
1239 1873 1291 1925 hoc
1305 1882 1384 1942 atque
1398 1874 1526 1944 oppositae
1538 1874 1697 1927 continentis
1709 1889 1841 1945 promou-

223 1964 314 2042 τηρίου
325 1968 376 2022 τῶν
388 1963 567 2041 Ἀμαράμου,
582 1964 620 2041 τῷ
631 1962 746 2041 Συάγριρ
758 1960 925 2040 συνορίζουσαι
940 1964 1009 2037 pat·
1052 1961 1152 2013 torium
1168 1965 1325 2012 Aromatum
1341 1957 1490 2028 interjecta,
1503 1960 1601 2029 Syagro
1613 1970 1700 2013 tamen
1716 1960 1838 2031 propior,

224 2055 283 2125 λον,
297 2056 313 2121 ἡ
325 2052 493 2129 Διοσκορίδου
508 2050 671 2124 καλουμένη,
688 2052 799 2127 μεγίστη
813 2051 860 2123 μὲν
873 2051 968 2127 ἔρημος
980 2046 1008 2105 δὲ
1053 2046 1216 2099 Dioscoridis
1236 2045 1322 2106 diota,
1345 2043 1506 2116 amplissima
1527 2046 1652 2116 (γενναίοισι,
1672 2047 1718 2099 sed
1736 2046 1841 2098 deserta

229 2160 1824 2190 maman—*m—

224 2222 296 2291 long.
319 2224 391 2291 Gr.)
406 2232 432 2275 et
447 2222 502 2291 jam
519 2224 662 2273 memorata
680 2219 757 2273 nobis
777 2225 880 2286 Sugger,
896 2218 1006 2285 Suglrnr,
1051 2215 1178 2269 nonnulla
1197 2214 1254 2266 loca
1271 2217 1356 2266 Omun
1373 2213 1497 2282 regionis,
1515 2215 1659 2283 prasertim
1678 2215 1705 2265 in
1723 2212 1841 2266 Ossibus

225 2300 323 2353 Slaler
341 2318 364 2353 s.
385 2299 574 2369 Scleclr(14⁰
591 2297 634 2362 ιδ’
655 2296 706 2351 30¹¹
719 2297 777 2361 lut.;
800 2300 847 2368 49⁰
872 2296 915 2359 [ω’
936 2296 1006 2364 long.
1051 2292 1162 2356 deserti,
1177 2290 1244 2344 adeo
1258 2290 1402 2343 malesana
1419 2289 1531 2356 oliendi,
1550 2302 1580 2343 ut
1600 2290 1640 2344 vel
1660 2291 1758 2344 Arabes
1778 2304 1842 2362 post

225 2380 274 2432 Gr.
286 2380 307 2447 ),
322 2389 402 2450 caput
420 2377 534 2447 regionis
554 2377 717 2445 cognominis
731 2375 816 2445 (Vid.
838 2376 935 2428 liaines
955 2375 972 2427 l.
989 2374 1006 2426 Ι.
1051 2388 1199 2441 paucorum
1220 2369 1324 2421 dierum
1347 2371 1581 2422 commorationem
1602 2368 1669 2421 febri
1691 2371 1840 2424 vehementi

136 2456 140 2463 '
225 2458 376 2527 1x‚p.1t,9
394 2454 607 2527 sqq.;Wollsted
625 2454 732 2507 Piuuels
743 2463 770 2509 ιο
780 2452 821 2505 tlte
829 2452 892 2521 city,
905 2462 956 2505 etc.
971 2453 1007 2516 11,
1052 2450 1238 2519 corripiantur,
1248 2446 1328 2500 tradit
1335 2446 1519 2501 Wellstedius.
1530 2449 1598 2500 Cum
1606 2458 1696 2501 nostra
1705 2449 1842 2502 thurifera

224 2551 253 2605 p.
270 2534 334 2599 1503
350 2536 435 2587 liitter
450 2536 512 2598 ΧΠ,
531 2550 559 2603 γι.
574 2532 624 2585 635
644 2532 736 2603 sqq).
755 2532 902 2599 Utramque
915 2530 1009 2582 urbem
1052 2527 1153 2579 arboris
1165 2526 1341 2595 descriptione
1349 2525 1440 2578 confer
1450 2526 1626 2596 Theophrast.
1644 2528 1678 2579 H.
1692 2528 1731 2582 Pi.
1741 2530 1790 2592 nt,
1805 2534 1840 2593 ιγ

226 2621 365 2677 memorat,
376 2610 530 2664 sedmalein
539 2606 848 2662 mediterranesretrudit
856 2607 1010 2661 Ptolemaeus
1051 2605 1167 2658 Plinium
1180 2606 1243 2668 ΧΠ,
1257 2603 1351 2666 30-33;
1362 2604 1516 2657 Salmasium
1525 2608 1634 2658 Excrcc.
1648 2606 1715 2658 Plio.
1728 2624 1755 2677 p.
1773 2608 1839 2672 355,

225 2691 276 2755 vt,
287 2708 315 2760 7,
330 2707 358 2760 p.
369 2694 419 2753 4¹¹
436 2707 442 2742 :
459 2690 652 2753 Mirrain.81⁰;
668 2688 712 2742 13⁰
726 2686 784 2752 ἠύς
798 2686 884 2756 zekir,
897 2688 944 2739 82⁰
956 2683 1008 2749 δυ’,
1052 2693 1079 2735 et
1092 2701 1151 2753 quae
1162 2683 1290 2751 congessit
1306 2685 1391 2735 liitter
1399 2685 1462 2747 ΧΠ,
1473 2701 1501 2753 p.
1521 2684 1649 2752 sss-372.
1662 2685 1734 2737 inter
1752 2703 1843 2740 reuen-

230 2768 276 2821 130
296 2766 349 2822 ao'.
370 2767 448 2821 Haud
462 2770 532 2820 enim
546 2767 649 2819 diverse
666 2783 721 2818 esse
734 2767 842 2818 nomina
859 2763 966 2817 Sclieclu
984 2774 1011 2817 et
1053 2763 1134 2817 tiores
1143 2779 1222 2815 nemo
1230 2759 1318 2813 adbuc
1329 2762 1356 2812 in
1370 2761 1468 2814 Arabia
1480 2762 1565 2815 thuris
1577 2762 1699 2815 arborem
1709 2766 1762 2816 suis
1774 2784 1840 2817 oeu-

226 2844 332 2914 Σάχλη,
348 2855 418 2897 recte
431 2843 504 2909 haud
516 2844 597 2897 dubie
608 2854 696 2897 censet
710 2845 750 2897 vir
758 2843 853 2896 irarum
866 2858 953 2895 rerum
966 2858 1011 2912 pe·
1054 2841 1086 2893 lis
1098 2858 1237 2910 rusurpasse
1252 2838 1365 2892 videtur.
1384 2840 1536 2893 Secundum
1549 2840 1737 2895 Weilstcdium
1753 2861 1842 2913 neque

227 2924 366 2976 ritissimus
382 2922 529 2976 Fresnelius
548 2922 659 2994 (Ioum.
678 2922 767 2977 Αείαι.
787 2923 825 2989 il,
844 2938 872 2992 p.
891 2920 1009 2990 191.Cl.
1053 2920 1081 2973 in
1102 2923 1186 2973 Omen
1200 2919 1320 2988 regione,
1341 2935 1427 2988 noque
1445 2920 1473 2972 in
1495 2937 1526 2972 ca
1546 2918 1649 2973 Arabia
1662 2930 1736 2990 parte
1748 2939 1807 2992 quae
1823 2942 1842 2977 a

228 3003 321 3054 liitter.
333 3003 395 3065 XII,
406 3019 435 3073 p.
456 3000 625 3070 309).1dem
639 3019 701 3068 vero
712 3019 808 3058 nomen
826 2999 907 3054 babos
925 3001 953 3051 in
966 2999 1012 3050 Σα-
1054 2999 1175 3052 Μολαίίιι
1194 3015 1316 3050 occasum
1329 3015 1419 3050 versus
1432 3007 1482 3063 est,
1504 3015 1616 3068 usquam
1633 2999 1694 3051 tirus
1706 3003 1840 3070 provenit.

227 3080 320 3151 χαλίτγγ
330 3079 425 3150 κόλπῳ.
439 3081 509 3132 Ηίιιε
520 3080 601 3148 igitur
613 3079 743 3149 colligitur
757 3079 821 3132 nihil
833 3095 889 3132 esse
902 3095 951 3129 cur
964 3079 1011 3130 Se-
1054 3076 1134 3144 Quod
1149 3077 1171 3128 si
1184 3076 1219 3129 ad
1231 3075 1365 3129 Ptolemaei
1376 3093 1460 3127 aerum
1474 3075 1572 3129 referre
1588 3077 1656 3140 iicet,
1670 3077 1710 3129 vel
1721 3078 1782 3131 irinc
1793 3097 1842 3150 pa-

228 3158 334 3212 chalites
350 3159 422 3210 sinus
438 3175 456 3210 a
472 3159 579 3226 regione
599 3157 636 3208 cis
650 3161 714 3229 Cup.
730 3157 831 3210 Fnrtnlr
844 3157 894 3209 sita
912 3154 1012 3208 alienus
1055 3165 1122 3207 teret
1133 3160 1271 3226 perperam
1285 3152 1319 3204 ad
1337 3154 1403 3204 ostia
1418 3154 1491 3214 sinus
1507 3155 1604 3208 Persici
1622 3154 1767 3207 Sachaliten
1786 3167 1842 3210 tra-

149 3273 151 3277 ·
227 3236 364 3302 iralreatur,
376 3237 542 3290 etimmcrito
554 3236 859 3290 MarinumaPtolemaeo
870 3235 1010 3305 increpari.
1054 3243 1127 3285 ctum
1141 3232 1280 3285 removeri.
1291 3234 1324 3284 ln
1341 3232 1449 3300 regione
1469 3243 1556 3284 autern
1568 3233 1724 3285 intermedia
1738 3252 1792 3286 non
1805 3236 1842 3288 ad

228 3317 349 3369 Ceterum
362 3333 446 3387 quum
458 3315 591 3368 Sachalites
605 3318 712 3369 nomine
727 3316 805 3368 etiam
821 3329 924 3384 eaquae
940 3323 1012 3367 trans
1054 3329 1129 3364 oram
1143 3311 1301 3363 maritimam
1317 3309 1398 3362 arbor
1417 3311 1542 3374 nascitur,
1558 3309 1603 3362 sed
1618 3311 1722 3363 nonnisi
1736 3313 1763 3364 in
1783 3331 1842 3366 me-

230 3398 283 3465 Cnp
295 3393 396 3446 Fartulr
407 3403 479 3458 sunt,
494 3392 674 3461 designentur,
687 3403 758 3465 patet
767 3411 864 3446 nomen
876 3391 948 3446 istud
958 3410 1012 3447 nou
1054 3389 1196 3444 diterranei
1207 3388 1447 3444 trectusmontibus
1458 3388 1589 3443 altissimis
1599 3391 1739 3462 provenire
1752 3392 1844 3461 periri-

229 3471 264 3523 ab
279 3473 340 3524 urbe
352 3472 447 3524 Cleclr
463 3473 518 3524 sive
536 3471 625 3542 Σάγλα
641 3471 814 3542 repetendum
827 3489 897 3536 esse,
917 3471 963 3524 sed
978 3472 1013 3526 ab
1052 3470 1140 3523 betur.
1157 3472 1168 3540 il
1187 3500 1223 3511 -
1239 3487 1281 3523 ει.
1295 3467 1547 3540 ἂπολλυμένοις]
1562 3468 1731 3538 ἀπολλύμενοι
1744 3469 1841 3524 codex.

229 3549 572 3618 regrinnecognomine.iam
585 3567 648 3603 vero
658 3550 803 3602 Cleclrvel
816 3550 1013 3604 Cloclrom'nis
1089 3553 1161 3616 §⁸⁰2
1176 3549 1195 3601 i.
1212 3565 1255 3601 ια.
1278 3549 1406 3619 τούτου]
1425 3551 1498 3600 τοῦτο
1519 3547 1592 3613 cod.;
1608 3565 1661 3600 ern.
1685 3548 1841 3615 Sabnasius;

228 3638 337 3680 vocatur
347 3638 445 3680 tractus
458 3637 604 3692 montosus,
616 3629 661 3696 qui
672 3627 733 3680 iude
742 3645 757 3681 a
765 3627 876 3680 Malalla
885 3626 939 3682 fere
948 3629 1015 3682 urbe
1054 3625 1230 3698 supplendum
1243 3623 1311 3679 soret
1324 3625 1483 3691 roissiaco,
1495 3624 1569 3696 quod
1583 3643 1666 3696 quum
1679 3626 1767 3696 paullo
1780 3627 1842 3680 ion-

228 3706 342 3775 pertinet
353 3723 437 3774 usque
449 3704 592 3769 adamum,
606 3707 633 3758 iu
647 3723 700 3776 qua
711 3705 901 3759 Kranaia-Murio
923 3707 1014 3765 insulae
1054 3705 1112 3772 gius
1124 3723 1156 3757 cx
1176 3716 1277 3757 antece.
1291 3704 1464 3776 repetendum
1480 3707 1524 3770 sit,
1546 3715 1573 3757 ot
1589 3706 1687 3757 mirum
1708 3706 1787 3757 etiam
1802 3709 1842 3760 vi·

229 3785 284 3836 sitas
301 3793 373 3839 sunt.
392 3784 456 3836 liae
465 3784 546 3852 igitur
562 3793 602 3836 est
611 3783 752 3837 Sachalites
767 3786 848 3852 regio,
862 3785 889 3836 in
903 3803 1015 3855 eamque
1054 3783 1112 3837 deri
1124 3783 1219 3837 debeat
1230 3783 1294 3836 iilud
1309 3788 1354 3836 τού
1370 3785 1466 3854 κόσμου
1477 3801 1484 3836 :
1497 3793 1578 3848 recte,
1597 3794 1674 3855 puto,
1686 3785 1842 3839 ttannenus

229 3861 360 3932 quadrant
372 3878 431 3932 qua
447 3860 552 3914 duobus
571 3863 626 3914 istis
636 3862 732 3933 Peripli
751 3862 814 3914 iocis
832 3861 866 3914 de
886 3863 1015 3918 Sachalite
1054 3864 1103 3925 VI,
1120 3879 1170 3934 ιγ).
1189 3879 1239 3916 rao
1250 3861 1298 3931 legi
1312 3862 1367 3915 ruit
1377 3876 1385 3912 ε
1396 3861 1484 3914 τούτου
1492 3861 1519 3914 δι
1532 3865 1576 3915 τοῦ
1594 3862 1688 3914 κόλπου
1700 3861 1842 3932 ἔστιδιρω·

228 3935 289 3993 εἰηυ
303 3940 435 4010 leguntur.
449 3941 516 3992 Nam
527 3941 636 3994 Moscha
647 3939 710 3994 urbs
723 3939 865 4012 respondet
878 3940 944 3996 hod.
956 3947 1013 3995 Dn-
1055 3940 1139 4011 ιήριον
1153 3942 1279 4011 μέγιστον.
1288 3942 1344 4010 ΙΙ-
1354 3941 1397 3993 13.
1410 3941 1454 4002 ιίς
1466 3938 1637 4011 ἀνατολὴν]
1648 3943 1688 3992 Ιια
1697 3957 1739 3992 rcs
1750 3941 1839 3994 habet.

223 4017 275 4087 sar
287 4018 326 4070 val
338 4017 426 4086 Zosar
444 4017 520 4087 urbi,
535 4035 614 4088 quam
628 4018 751 4071 Isztacirri
765 4034 792 4089 p.
812 4019 844 4072 13
859 4019 1014 4072 (λασίοισι
1057 4020 1119 4086 11-
1133 4024 1174 4082 tl.
1189 4019 1233 4089 ἐρ’
1247 4015 1281 4071 ού
1295 4018 1461 4091 φρούριον]
1476 4021 1517 4071 Ex
1536 4019 1681 4071 viatoribus
1702 4037 1781 4070 nemo
1794 4019 1840 4072 ad-

229 4105 280 4158 oat,
302 4097 488 4165 cognominem
510 4098 621 4165 regioni.
640 4099 739 4150 Contra
762 4096 863 4150 verosi
885 4099 1014 4168 Syagrum
1055 4096 1108 4149 ltuc
1120 4098 1148 4148 in
1160 4108 1276 4150 montem
1292 4095 1437 4161 adscendit,
1450 4107 1578 4167 quantum
1590 4097 1682 4149 sciam.
1696 4098 1793 4149 iiaincr
1806 4097 1842 4150 de

229 4177 443 4243 promontorium
464 4174 500 4226 ibi
522 4193 614 4245 ponas,
635 4174 682 4228 ubi
705 4175 858 4230 Ptolemaeus
871 4177 970 4248 posuit,
988 4187 1017 4230 et
1055 4193 1121 4228 nave
1135 4194 1181 4228 sua
1193 4186 1362 4246 prospectans
1376 4177 1404 4227 in
1418 4177 1514 4228 vertice
1527 4174 1592 4227 vidit
1604 4176 1693 4228 locum
1711 4175 1841 4227 virentem

230 4253 292 4305 hinc
300 4254 428 4306 orientem
438 4253 687 4317 rcrsusSaciraiiten
700 4253 876 4319 collocaveris,
888 4255 954 4308 nitrit
965 4255 1015 4307 ho·
1055 4254 1232 4323 arborumque
1242 4271 1341 4306 corona
1352 4255 1478 4307 cinctum.
1495 4256 1605 4306 Exstare
1618 4254 1655 4306 ibi
1668 4255 1758 4308 ruinas
1771 4253 1840 4306 sere·

230 4329 322 4390 dierna
333 4331 430 4384 Arabia
445 4327 603 4404 suppeditat,
612 4324 689 4404 *quod
706 4332 865 4403 explicandae
878 4333 940 4386 huic
957 4349 1016 4384 sen-
1054 4331 1128 4385 bant.
1145 4334 1263 4385 Omnino
1274 4350 1351 4385 mons
1361 4334 1410 4385 iste
1421 4332 1515 4385 sabulis
1530 4332 1600 4403 apud
1615 4334 1714 4386 Amisos
1727 4334 1838 4397 releba.

231 4410 319 4463 tentiae
338 4410 464 4464 inservire
487 4412 688 4482 possit.1taque
709 4411 783 4464 salsas
803 4429 858 4463 esse
881 4410 1014 4465 Ptolemoei
1055 4412 1164 4463 Portum
1178 4427 1297 4480 quoque,
1317 4411 1363 4481 qui
1384 4429 1453 4481 pone
1467 4412 1680 4482 promontorium
1699 4411 1840 4465 essediec·

231 4491 345 4541 rationes
360 4489 553 4544 contendimus.
583 4490 594 4559 l}
617 4485 661 4537 -'
686 4505 710 4546 ι,
738 4490 1013 4562 λιύανωεορορος]
1055 4487 1133 4541 batur
1152 4499 1179 4540 ct
1204 4499 1356 4560 sequentem
1377 4489 1460 4542 litoris
1483 4499 1596 4542 tractum
1621 4492 1730 4543 scrutari
1752 4493 1841 4543 nautis

234 4593 245 4612 ·
262 4570 292 4618 ln
303 4571 419 4636 margine
430 4567 513 4621 nidor
525 4568 686 4639 λιδανορύρος
699 4571 779 4639 χώρα.
793 4569 893 4626 Habuit
904 4569 1013 4621 diversi·
1055 4567 1146 4636 Anglis
1168 4585 1223 4620 non
1242 4568 1324 4620 licuit.
1341 4569 1352 4636 l
1372 4585 1463 4637 -17.
1478 4566 1614 4640 Συάγρῳ
1630 4570 1841 4638 αονορίζουσα

232 4655 312 4696 tatem
330 4645 464 4715 scripturas
486 4646 659 4718 λιύανορόρου.
683 4673 694 4694 ν
715 4649 927 4700 Βιιιιιιιιιιιοιιυε.
947 4651 1012 4711 idox¹
1057 4644 1198 4716 μᾶλλον]
1211 4648 1299 4698 Immo
1312 4645 1408 4698 Africae
1423 4650 1606 4718 promontorio
1624 4647 1708 4700 insula
1726 4657 1765 4699 est
1776 4664 1841 4716 pro-
1965 4686 1966 4717 γ

232 4724 349 4775 occurrit
363 4713 453 4794 δένδρα
461 4721 626 4796 λιύανορόρα,
648 4721 721 4796 quod
733 4728 816 4783 rarius
838 4728 963 4792 occrurit,
985 4738 1013 4780 et
1056 4726 1125 4794 pior.
1138 4725 1319 4778 Distantinma
1330 4726 1428 4796 Syagro
1440 4736 1530 4778 monte
1540 4727 1602 4778 satis
1614 4737 1685 4778 recte
1698 4724 1778 4777 tradit
1788 4725 1842 4777 Pii·
1965 4722 1966 4809 γ

232 4801 258 4853 ir.
273 4800 291 4854 l.
309 4800 437 4855 librorum
453 4803 517 4856 vitio
537 4802 627 4856 deberi
644 4803 759 4868 videtur,
773 4822 858 4874 quum
870 4805 932 4858 alias
942 4807 1013 4858 Peri·
1057 4804 1117 4856 nius
1127 4806 1176 4871 Vl,
1191 4805 1234 4857 32.
1245 4802 1287 4858 Cf.
1300 4819 1380 4875 supm
1391 4815 1448 4857 not.
1463 4809 1530 4874 §29-
1545 4806 1556 4872 ΙΙ
1568 4835 1604 4846 -
1612 4805 1645 4855 Δι
1652 4824 1666 4855 ο
1674 4805 1819 4873 caspinos
1829 4805 1839 4873 l

231 4879 290 4950 plus
301 4879 416 4950 praebeat
424 4880 628 4952 λιύανωτορδρος.
640 4884 690 4952 ss·-
701 4900 725 4935 1.
740 4881 811 4953 ἀέρα
823 4877 936 4954 παχύν]
946 4888 1013 4952 Quas
1057 4883 1094 4933 sio
1103 4882 1257 4935 Ptolemaeus
1270 4883 1320 4944 Vi,
1331 4900 1358 4952 7.
1370 4883 1446 4945 vm,
1459 4899 1490 4951 17
1501 4883 1691 4952 (Διοσκουρίδου
1704 4899 1758 4933 rar.
1767 4880 1841 4946 lect.)

231 4957 264 5010 de
275 4975 335 5012 nere
354 4958 490 5029 thurilegis
508 4959 623 5026 lctilcro,
638 4956 916 5033 prateruavigantibus
935 4964 1014 5033 pesti-
1057 4971 1084 5012 et
1107 4961 1206 5019 Plinius
1225 4963 1274 5025 Vi,
1295 4962 1340 5015 32.
1361 4962 1505 5032 Διοσκορὶδα
1524 4961 1618 5026 codex,
1639 4959 1712 5030 quod
1732 4960 1756 5011 si
1770 4961 1841 5011 tueri

232 5035 287 5089 lero
301 5037 432 5106 leguntur,
446 5037 538 5092 tibutae
555 5050 617 5093 sunt
626 5049 692 5112 quus
705 5036 803 5094 llrabcs
817 5041 901 5093 thuris
915 5053 1015 5093 merea·
1058 5039 1130 5104 reiis,
1148 5040 1212 5092 nihii
1221 5040 1347 5108 refragor.
1369 5041 1538 5109 Διοσκορίδονς
1552 5042 1642 5096 uum.
1656 5038 1717 5092 ind.
1731 5055 1758 5108 p.
1778 5042 1839 5108 178.

233 5125 302 5166 tutes
312 5118 455 5185 peregrinis
471 5117 620 5172 narrabant.
634 5117 715 5173 Aliud
733 5118 788 5188 ejus
806 5121 906 5188 generis
925 5137 1014 5190 narru-¹
1059 5119 1227 5177 insulalndis
1238 5119 1402 5188 frequentate
1421 5137 1492 5171 nunc
1507 5125 1645 5182 Socotom,·
1655 5120 1778 5170 Graecum
1794 5135 1840 5168 nn·

232 5194 407 5246 tiuucuiaruru
424 5196 554 5265 specimen
567 5198 646 5250 habes
664 5196 731 5250 intra
747 5201 762 5264 S
782 5199 825 5250 32.
845 5193 1013 5268 Quamquam
1059 5217 1120 5250 men
1130 5209 1219 5251 ortum
1231 5217 1264 5250 ex
1280 5198 1328 5250 diu
1346 5199 1470 5267 (insuia)
1487 5199 1620 5260 Sokotorn,
1637 5198 1691 5249 siro
1704 5197 1768 5264 ling.
1780 5213 1840 5247 sau·

234 5270 311 5330 lutere
322 5283 397 5344 posse
406 5273 482 5325 etium
495 5276 546 5326 teri
555 5274 651 5345 aliquid
667 5273 719 5330 nnn
734 5278 923 5347 pernegaveris.
939 5278 1015 5340 Corte
1058 5281 1130 5340 serit.
1140 5277 1372 5350 drrpuSuiutnru,
1388 5281 1405 5330 i.
1416 5295 1440 5330 e.
1454 5278 1537 5330 insuia
1549 5277 1689 5330 fortunata.
1697 5279 1775 5329 Fama
1784 5275 1843 5344 rjus
1965 5266 1966 5289 ¹
