3950 5925
112 433 143 507 n)
820 423 1019 485 rentrtos.
1712 434 1727 484 ι

109 557 187 618 arilia
203 556 270 638 πρὸς
283 546 362 629 ἥλιον
382 556 525 636 ἀνίσχοντα
541 554 642 636 ἡμέρας
660 554 768 635 δρόμον.
811 550 897 615 'Este
942 562 1031 617 denuo
1044 566 1173 617 orientem
1193 580 1282 617 versus
1292 544 1371 617 unius
1382 564 1434 616 diei
1444 582 1533 619 cursu.
1571 566 1734 623 lbiinsinus

110 646 217 725 εὕρομεν
239 647 267 703 έν
281 647 363 725 μυχῷ
376 668 445 711 τινος
462 642 562 703 κόλπου
582 646 661 713 νῆσον
674 641 789 723 μικρὰν,
801 641 896 701 κύκλον
942 649 1080 721 cujusdam
1101 668 1205 705 recessu
1224 652 1336 705 insulam
1351 669 1459 723 parram
1473 655 1619 724 reperimus
1638 657 1736 711 stadio-

111 732 221 811 έχουσαν
236 733 355 791 σταδίων
365 731 453 790 πέντε·
464 731 497 803 ἣν
510 730 711 810 κατῳκίααμιν,
725 729 829 809 Κέρνην
841 732 898 789 ὀνο*
943 738 1036 792 rumh
1058 738 1135 811 (tii)
1160 740 1277 803 ambitu;
1304 758 1384 811 quam
1411 741 1512 794 colonis
1539 742 1734 814 frequentantes

112 820 252 897 μοίσαντες.
293 818 531 899 Ἐτιιιμαιρόμιθα
545 817 567 877 δ’
579 816 660 889 αὐτὴν
674 820 704 876 ἐκ
713 824 757 876 τοῦ
773 816 901 898 περίπλου
945 828 1049 881 Cernen
1066 831 1270 883 nominavimus.
1311 829 1663 906 Conjiciebamuseperiplo
1677 854 1734 889 eam

111 908 169 965 κατ’
191 907 256 965 eirllir
277 907 382 965 atinias
405 904 590 986 Καρχηδόνος·
613 904 690 984 ἐῴκει
714 905 765 986 γὰρ
786 910 802 964 ὁ
822 908 903 974 πλοῦς
946 934 978 967 ex
997 915 1108 969 adverso
1120 917 1197 969 sitam
1216 934 1272 969 esse
1289 917 1453 986 Carthaginis
1469 936 1474 969 :
1491 938 1552 973 nam
1568 922 1660 975 similis
1681 934 1737 975 erat

111 1093 165 1129 esse
178 1092 285 1127 censeo.
309 1073 453 1127 Emendari
473 1092 536 1127 vero
554 1084 641 1145 potest
658 1062 741 1127 manu
758 1074 900 1128 lenissima.
946 1075 975 1128 h.
989 1075 1007 1129 l.
1017 1086 1043 1129 et
1053 1076 1147 1141 schol,
1158 1076 1446 1131 nibilooviallerentes.
1457 1079 1619 1151 Palaephatus
1630 1084 1735 1137 Ino-ed.

112 1155 218 1209 Etenim
233 1158 337 1207 aDraa
346 1155 428 1207 fluvio
446 1171 530 1223 usque
545 1153 578 1207 ad
592 1172 644 1226 cap
656 1154 739 1207 Blanc
756 1152 904 1207 stadiasere
947 1174 971 1207 e.
989 1156 1022 1209 33
1037 1172 1043 1207 :
1057 1156 1153 1226 Φόρκυς
1166 1151 1195 1223 ἦν
1211 1154 1271 1227 ἀνὴρ
1283 1157 1406 1227 Κερναῖος·
1419 1158 1443 1209 οἱ
1457 1158 1483 1211 δὲ
1498 1160 1611 1229 Κιρναῖοι
1622 1164 1683 1215 κατὰ
1695 1168 1736 1235 γέ-

112 1244 173 1286 sunt
185 1234 257 1303 5700
273 1251 389 1303 quorum
400 1235 422 1285 si
437 1234 488 1286 500
499 1235 527 1285 in
541 1232 612 1286 diem
627 1251 759 1299 numeres,
773 1234 905 1303 navigatio
949 1252 990 1294 νος
1007 1235 1050 1303 μέν
1063 1233 1123 1287 εἰσιν
1138 1233 1258 1299 Αἰθίοπες,
1277 1233 1370 1287 οἰκοῦσι
1388 1236 1415 1289 δέ
1426 1241 1502 1303 νῆσον
1518 1237 1562 1305 τὴν
1581 1240 1671 1311 Κέρνην
1691 1243 1737 1305 ἔξω

112 1312 227 1365 efficitur
245 1310 351 1365 dierum
371 1311 496 1365 undecim
516 1312 557 1364 vel
577 1312 730 1365 duodecim.
751 1314 836 1381 Igitur
855 1330 905 1382 pro
949 1306 1025 1364 obeat
1037 1318 1086 1365 τῶν
1102 1310 1254 1383 Ἡρακλείων
1268 1312 1375 1379 στηλῶν,
1388 1313 1510 1384 ἂροῦαιδέ
1524 1317 1614 1385 liti-inv
1629 1322 1682 1390 aspi
1694 1322 1736 1374 τὸν

114 1390 238 1463 β’ἥμέρας
246 1390 418 1443 scribendum
431 1402 471 1443 est
480 1390 514 1443 ιδ’
525 1390 624 1462 ἡμέρας.
639 1394 679 1444 De
691 1393 799 1444 nomine
815 1391 906 1443 insulae
950 1390 1060 1443 ’λννωνα
1071 1391 1080 1463 (
1090 1392 1202 1456 tantove,
1214 1390 1316 1445 λίνωνα
1326 1410 1380 1444 var.
1390 1393 1461 1455 leot..
1473 1396 1577 1448 Λάδωνα
1587 1398 1656 1468 conj.
1667 1403 1737 1454 Vol-

112 1470 294 1523 Boochartus:
309 1495 320 1516 ι
332 1471 478 1534 oerneait,
487 1470 655 1524 Pboeuieibus
664 1480 720 1523 erat
729 1487 825 1535 nram
833 1471 907 1523 Chers-
950 1470 1022 1523 citer.
1035 1471 1043 1543 )
1057 1472 1169 1542 ποταμὸν
1181 1471 1243 1524 κατὰ
1256 1472 1412 1541 Καρχηδόνα
1426 1472 1472 1525 etet
1491 1474 1516 1527 δὲ
1529 1476 1621 1545 σρόδρα
1636 1485 1734 1549 χρυσοῖ.

113 1567 173 1609 aaa,
186 1559 358 1619 postremum
370 1548 550 1612 habitationis,
565 1548 594 1602 id
610 1559 650 1601 eet
660 1548 753 1601 ultima
768 1548 904 1601 habitatio.
950 1549 1085 1603 Diodorus
1094 1555 1144 1616 Ili,
1161 1552 1191 1604 51
1208 1554 1345 1621 Gorgones
1355 1554 1392 1604 ait
1406 1551 1431 1605 ἐν
1445 1556 1497 1615 τοῖς
1507 1555 1591 1624 πέρασι
1605 1560 1647 1623 τῆς
1658 1558 1737 1611 οἰκου-

113 1628 191 1681 Pleue
209 1628 372 1681 seriberemr
388 1643 509 1693 anaante
527 1628 657 1681 echernan
669 1627 704 1681 ab
720 1626 826 1679 arabico
844 1641 905 1690 ann
952 1630 1025 1699 μένης
1044 1630 1156 1683 insulam
1175 1631 1327 1701 Hesperiam
1348 1630 1381 1683 ad
1405 1632 1536 1685 Atlantem
1560 1634 1686 1702 habitare,
1712 1652 1738 1693 et

112 1707 327 1769 acherrelachir,
338 1706 410 1777 quod
419 1706 561 1778 respon&
569 1708 771 1797 hebraeoptann
781 1707 905 1759 achaten.
950 1709 1044 1779 pnniio
1054 1711 1147 1763 vixisse
1162 1710 1291 1763 Atlantion
1303 1710 1359 1771 τους
1367 1708 1411 1775 τὴν
1427 1711 1518 1781 Κέρνην
1539 1712 1692 1784 καλουμένην
1703 1718 1738 1770 ai-

112 1785 163 1839 sed
180 1787 269 1858 prima
281 1786 403 1839 radioelis
420 1804 490 1858 erepte
507 1786 638 1839 excidit...
653 1788 754 1857 Nempe
768 1786 907 1840 Pbtnnioes
952 1792 1063 1851 κοῦντας.
1077 1789 1118 1842 Cf.
1130 1792 1179 1854 111,
1196 1792 1241 1853 68,
1257 1806 1281 1853 1,
1296 1790 1342 1841 ubi
1355 1790 1474 1859 Κεραύνια
1490 1790 1526 1861 (Ι.
1540 1792 1736 1868 Κερναῖοιέ)ὄρη

114 1866 183 1919 ultra
201 1868 309 1919 Cernen
322 1866 420 1919 nullam
437 1866 571 1919 deduxere
586 1867 726 1919 coloniam.
749 1892 760 1913 ·
777 1868 906 1935 Egoeon·
952 1880 1142 1922 memorantur.
1162 1871 1224 1922 Hane
1248 1870 1304 1921 loca
1327 1870 1416 1940 paucis
1438 1869 1566 1925 indicasse
1585 1891 1656 1927 nune
1676 1881 1738 1931 satis

114 1945 171 1998 lero
188 1945 301 2016 Κέρνην,
315 1946 479 2016 phoenieium
490 1945 618 2000 Autaredi
635 1964 743 2011 nomen,
759 1945 793 1998 de
811 1964 866 2015 quo
879 1964 905 1998 ν.
952 1946 1046 2012 habeo,
1061 1948 1143 2001 insius
1162 1948 1196 2001 de
1214 1950 1245 2001 iis
1263 1946 1382 2019 dicturus
1398 1950 1426 2001 in
1447 1949 1651 2018 Prolegomenis.
1666 1957 1737 2011 Nihil

113 2023 294 2095 conjecturam
300 2027 425 2078 Moversii
432 2025 450 2078 l.
457 2026 510 2097 l.p.
518 2030 561 2094 67.
569 2028 649 2079 Fama
655 2025 776 2096 quasdam
783 2023 817 2077 de
823 2028 908 2079 (berne
952 2024 1006 2079 iere
1017 2028 1047 2079 iis
1058 2028 1125 2079 inest
1132 2026 1206 2097 quod
1216 2025 1320 2097 Periplo
1330 2036 1421 2079 nostro
1428 2028 1593 2098 explanando
1604 2032 1736 2100 inserviat,

112 2105 163 2157 ios.
186 2114 214 2157 et
234 2104 269 2157 de
292 2105 549 2173 carthaginiensibus
567 2106 596 2157 in
617 2104 668 2157 hac
688 2106 796 2172 regione
812 2122 907 2156 aurum
951 2108 1002 2159 nisi
1014 2107 1169 2161 sorteetiam
1181 2106 1737 2169 ePsendoeallisthenehrriaoumiliustmri

113 2200 201 2237 meroe
214 2184 442 2237 commutantibus
447 2183 503 2253 jam
514 2185 542 2236 in
553 2184 684 2237 Herodoti
698 2183 767 2254 (IV,
782 2184 831 2251 195
846 2182 906 2254 sq.)
951 2203 1028 2256 posse
1041 2198 1126 2259 putes.
1143 2188 1233 2240 Causae
1246 2205 1308 2239 vero
1325 2204 1384 2257 quae
1400 2188 1491 2240 turbas
1510 2190 1570 2241 istas
1582 2196 1737 2259 crearerint,

112 2263 238 2315 notitiam
256 2273 414 2333 pervenerat
432 2262 487 2334 (V.
510 2263 660 2331 Prolegom.
672 2262 692 2334 λ.
711 2262 854 2333 Complura
874 2262 908 2316 de
952 2267 1047 2336 partim
1064 2266 1212 2336 querendae
1230 2267 1329 2318 suntin
1350 2266 1455 2319 licentia
1473 2278 1610 2337 poetarum
1631 2289 1682 2341 qua
1694 2292 1739 2326 er·

114 2343 339 2396 commerciorum
354 2343 457 2395 ratione
473 2342 581 2395 exhibet
598 2343 672 2395 locus
686 2342 864 2395 memorabilis
880 2344 908 2395 in
952 2356 1042 2398 trema
1054 2348 1169 2399 Orientis
1179 2356 1204 2397 et
1213 2344 1364 2398 Occidentis
1375 2345 1455 2416 plagae
1463 2348 1565 2400 misceri
1574 2349 1666 2415 solent,
1680 2370 1739 2423 pnr-

113 2421 451 2492 ScylacisPeriplo5112.
471 2423 571 2473 Hausta
582 2432 645 2473 suot
663 2440 696 2474 ex
713 2422 909 2474 narrationibus
953 2426 1001 2477 tim
1022 2428 1048 2477 in
1069 2427 1256 2496 praeoccupatis
1276 2427 1430 2478 Graecorum
1448 2424 1482 2477 de
1504 2427 1593 2497 Libyae
1614 2429 1697 2485 forma
1714 2445 1740 2486 et

114 2512 257 2553 nautarum
271 2501 313 2554 sel
325 2512 514 2565 mermtorum,
529 2502 576 2571 qui
587 2501 695 2554 latentes
714 2500 751 2552 ihi
766 2502 825 2553 auri
840 2501 909 2553 divi·
953 2504 1134 2573 magnitudine
1150 2504 1330 2575 opinionibus,
1343 2509 1439 2574 partim
1457 2505 1484 2557 iu
1500 2505 1592 2558 studiis
1611 2511 1740 2579 mytholo-

115 2582 163 2633 tias
181 2580 311 2652 prudenti
329 2591 484 2652 presserunt
504 2581 617 2633 silentio.
642 2582 734 2651 Neque
755 2579 861 2633 aliunde
876 2599 909 2633 ex
953 2599 1060 2650 gorum;
1074 2584 1170 2653 partim
1185 2582 1301 2652 denique
1315 2580 1377 2634 inde
1397 2582 1540 2648 linxerunt,
1556 2585 1627 2654 quod
1645 2588 1740 2642 atr-ica

115 2670 178 2712 vett.
197 2661 305 2731 scriptis
317 2660 352 2712 de
374 2660 469 2713 haere
486 2660 587 2731 aliquid
606 2660 641 2713 ad
660 2678 710 2712 uos
725 2661 907 2730 transpiravit,
953 2660 1121 2715 occidentalis
1133 2662 1249 2731 cognitio
1263 2679 1305 2733 ap.
1322 2663 1428 2715 Graeeos
1446 2674 1472 2715 et
1491 2664 1623 2716 Romanos
1638 2686 1736 2739 semper

115 2738 418 2809 nisiqnodPalaephatus
426 2738 530 2792 Incred.
541 2757 565 2791 e.
578 2740 610 2791 33
619 2740 741 2791 (kronos
749 2740 841 2808 ορόδρα
849 2759 909 2808 χρυ·
952 2742 1095 2811 perexigua
1106 2752 1246 2795 nautarum
1257 2752 1488 2812 mercatorumque
1501 2744 1661 2797 Punicorum
1681 2766 1740 2800 nar-

117 2821 171 2879 οοός
183 2818 308 2889 appelht.
323 2820 422 2871 preter
432 2819 482 2871 hos
491 2820 589 2871 Cernes
599 2818 649 2871 ins.
663 2818 842 2871 meminerunt
857 2821 909 2870 Eu·
953 2821 1106 2873 ratiunculis
1115 2820 1149 2873 de
1159 2819 1286 2874 industria
1293 2821 1432 2874 obscurata
1439 2832 1487 2883 est,
1499 2840 1548 2873 nec
1556 2832 1586 2875 ut
1596 2823 1738 2894 plurimum

117 2896 202 2949 dorus
218 2898 259 2951 rel
276 2898 441 2962 Clitarchus,
467 2898 600 2969 Ephorus,
622 2898 792 2968 Lycophroo,
817 2900 911 2951 Erato·
952 2899 1022 2951 ultra
1044 2898 1176 2953 desertum
1198 2902 1333 2972 processit.
1361 2901 1402 2953 Sic
1423 2900 1493 2972 apud
1521 2902 1651 2972 Scylacem
1673 2906 1739 2959 ultra

118 2977 233 3040 mm,
254 2977 390 3047 Polybius,
411 2977 558 3041 Cornelius,
579 2976 724 3040 Diodorus,
741 2978 845 3042 Strabo,
859 2980 911 3031 Pli·
954 2980 1051 3032 Lixum
1071 2981 1182 3034 lluvium
1197 2999 1269 3033 mare
1292 2981 1354 3050 algis
1375 2981 1540 3033 obstructum
1561 3000 1613 3034 non
1629 2985 1741 3054 atriplius

118 3057 187 3120 uitas,
211 3055 387 3121 Ptolemaeis,
414 3057 557 3127 Dionysius
582 3055 703 3126 ejusque.
719 3057 908 3127 paraphrasten,
954 3070 993 3111 est
1005 3060 1159 3130 navigabile,
1171 3071 1201 3113 ut
1213 3063 1357 3113 necessario
1365 3059 1398 3112 ad
1409 3060 1480 3112 hune
1490 3061 1613 3129 ponenda
1624 3075 1689 3115 esset
1704 3066 1741 3117 nl·

117 3135 443 3189 NonnusetEustathius.
459 3137 559 3190 Plinius
568 3138 617 3200 vt,
632 3135 665 3189 35
682 3135 910 3207 (exEudonovel
954 3140 1019 3191 tima
1033 3139 1075 3193 ilia
1089 3143 1182 3205 Cerne,
1198 3141 1318 3209 quamvis
1332 3138 1402 3192 nulla
1417 3139 1453 3191 ibi
1478 3140 1562 3192 insula
1583 3143 1738 3212 reperiatur.
1825 3135 1830 3148 ⁸

117 3214 262 3280 ssitarcbo,
283 3232 352 3283 quos
365 3216 393 3267 iu
415 3225 516 3267 antece.
536 3214 671 3288 laudavit)
693 3216 911 3268 :Grntrasintan
954 3218 1029 3270 Idem
1052 3218 1163 3271 valetde
1185 3219 1263 3270 simili
1284 3219 1409 3289 opinione
1425 3218 1526 3289 Polybii
1550 3229 1575 3271 et
1596 3221 1738 3276 Ptolemaei.

117 3294 254 3346 Persicam
269 3297 346 3347 Cerne
362 3293 514 3347 noneinatar
527 3293 615 3346 insula
627 3292 741 3346 aduersa
753 3293 908 3366 AEthiopia‚
954 3300 1042 3364 Quam
1056 3299 1102 3368 qui
1116 3309 1212 3350 temere
1221 3297 1333 3368 amplexi
1352 3307 1427 3362 stant,
1449 3299 1551 3350 Cernen
1572 3299 1682 3352 insulam
1701 3305 1740 3354 vel

116 3375 193 3443 cujas
203 3392 286 3445 neque
302 3372 457 3440 magnitudo
468 3391 548 3445 neque
559 3373 728 3426 intervallum
737 3391 755 3423 a
765 3373 912 3426 continente
955 3376 1092 3428 Marlrrnrn
1105 3377 1143 3428 vel
1158 3381 1238 3428 Porto
1249 3381 1328 3428 Sento
1340 3365 1386 3428 vel
1399 3394 1478 3428 troam
1491 3395 1522 3428 ex
1540 3377 1657 3430 Canariis
1670 3381 1741 3433 insu·

116 3463 233 3515 constat,
256 3452 397 3523 AEthtapes
409 3463 520 3510 ‚tantum
536 3451 650 3524 populor
670 3451 764 3504 hahere
782 3452 909 3505 traditur.
954 3453 995 3518 lis,
1011 3454 1128 3525 plurium
1141 3454 1245 3507 dierum
1257 3457 1607 3523 navigationeaeontioente
1622 3461 1739 3524 remotis,

117 3530 243 3602 Ephonts
258 3542 354 3584 auctor
364 3543 405 3584 eat
425 3549 443 3582 a
454 3531 542 3586 liuhro
560 3530 629 3584 mari
639 3529 797 3598 rotilganter
815 3531 843 3584 ia
855 3551 912 3587 eant
955 3532 1062 3603 intelligi
1078 3533 1226 3598 reluctanti,
1239 3544 1293 3598 aut,
1309 3533 1393 3586 sihor
1406 3534 1524 3604 ineptum
1536 3551 1591 3586 esse
1604 3553 1741 3608 perspexe-

118 3628 169 3662 nan
181 3627 265 3683 porse
283 3621 395 3682 propter
411 3609 518 3663 adoras
537 3610 610 3664 attat
628 3609 757 3682 quasdam
778 3611 912 3665 colrrmnas
955 3623 1028 3676 runt,
1050 3612 1083 3666 ad
1103 3625 1177 3666 terrae
1196 3624 1283 3666 motus
1299 3623 1326 3666 et
1346 3610 1532 3664 inundationes
1553 3613 1739 3682 confugerunt,

120 3691 130 3759 (
140 3689 182 3741 ita
194 3689 471 3762 appellanturparaoe
484 3690 577 3742 insula
588 3690 597 3763 )
608 3689 729 3762 panoehi.
746 3690 871 3759 Polybiane
885 3691 912 3743 in
956 3693 1002 3761 qrti
1025 3709 1040 3744 e
1060 3703 1203 3762 conspectu
1224 3692 1337 3745 insulam
1357 3692 1542 3756 absumserint‚
1568 3702 1613 3744 aut
1626 3693 1742 3765 denique

118 3780 237 3821 extrema
250 3767 422 3822 Mauritania
430 3781 522 3822 contra
533 3781 645 3822 montem
664 3769 802 3824 Atlantem
815 3781 913 3823 eterra
956 3770 1054 3822 nullam
1069 3789 1185 3841 unrprnm
1197 3772 1324 3824 exstitisse
1332 3772 1435 3824 Cernen
1443 3779 1578 3842 putarunt,
1593 3789 1652 3841 quae
1665 3771 1698 3826 de
1712 3793 1742 3828 ea

117 3851 212 3904 stadia
230 3863 291 3905 nero
303 3852 392 3905 abesse
398 3851 493 3925 prodit
514 3857 615 3906 Cernen.
632 3855 721 3924 Nepos
736 3851 868 3905 cornelias
880 3872 912 3905 ex
956 3846 1097 3901 traduntur
1108 3848 1202 3902 sabulis
1213 3860 1378 3902 accersentes
1387 3849 1504 3902 Milesiis.
1515 3851 1632 3920 Singulas
1640 3838 1742 3906 senlen-

119 3932 231 3985 admrso
242 3932 359 3985 maaian
371 3933 539 4000 Carthaginis
547 3933 821 4005 acontinentepasras
830 3931 910 3995 mille,
956 3928 1004 3978 tias
1016 3927 1149 3980 diductius
1162 3947 1304 4000 exponere,
1318 3945 1401 3999 quum
1412 3927 1520 3997 longum
1542 3940 1567 3980 et
1587 3931 1679 3983 inutile
1698 3934 1740 3996 sit,

120 4030 170 4064 non
181 4011 340 4084 ampliorem
351 4011 467 4066 circuitu
483 4011 584 4066 duobus
597 4010 726 4065 millibus.
740 4010 815 4064 idern
826 4013 863 4078 X,
874 4031 891 4080 9
904 4028 910 4063 :
957 4007 1124 4077 supersedeo.
1136 4011 1146 4079 {l
1161 4027 1307 4079 -ιιοιτῳιι
1317 4009 1421 4078 ίοαμεν
1432 4009 1441 4073 ]
1452 4007 1628 4078 νατῳκησαμεν
1641 4009 1740 4074 codex;

122 4093 155 4142 Ιιι
174 4091 266 4144 insula
283 4088 387 4158 Africa
408 4095 484 4144 Cerne
506 4091 533 4142 in
551 4094 652 4142 Oceano
671 4088 811 4162 accipitres
830 4091 913 4144 totins
956 4103 1009 4139 em.
1023 4089 1145 4141 Gessner.
1163 4113 1174 4133 ι
1192 4090 1300 4142 Graecus
1314 4089 1442 4158 interpres
1453 4087 1550 4140 iterum
1568 4087 1650 4140 verbo
1662 4107 1742 4140 κατοι-

122 4170 260 4240 Massylioe
276 4168 526 4244 hamisoetifieant:
545 4188 591 4221 nec
606 4169 675 4222 alibi
688 4180 840 4232 nascantur,
857 4168 914 4222 illis
957 4166 1033 4228 νίζειν
1047 4170 1129 4220 utitur
1140 4167 1175 4222 nd
1186 4166 1357 4220 indicandum
1375 4173 1403 4219 in
1420 4167 1470 4222 huc
1488 4165 1571 4219 insula
1583 4185 1639 4219 nnn
1648 4168 1742 4221 urbem

122 4249 226 4302 miserti
237 4248 372 4316 gentihas.
387 4248 479 4320 Scylax
491 4249 510 4302 i.
522 4248 541 4301 l.
555 4251 661 4302 &rnen
671 4247 784 4300 insulam
797 4246 831 4300 ad
848 4249 914 4301 Xio·
958 4263 1013 4299 esse
1024 4246 1167 4312 conditam,
1178 4247 1224 4300 sed
1237 4248 1374 4300 stationem
1385 4256 1487 4300 tantam
1501 4245 1601 4298 colonis
1617 4247 1671 4298 suis
1681 4265 1743 4299 con-

122 4346 182 4381 uem
198 4331 256 4381 sire
280 4330 379 4382 Lixum
400 4329 512 4382 fluvium
529 4329 614 4400 ponit.
638 4327 794 4381 Ptolemaeus
807 4328 864 4395 tt,
884 4331 911 4393 6,
957 4327 1085 4380 stitutum.
1102 4329 1231 4380 ·Knuon.
1246 4331 1256 4398 li
1269 4327 1386 4380 -nar'
1406 4325 1473 4378 etet
1487 4325 1612 4377 κεῖσθαι
1626 4325 1743 4397 Καρχη-

123 4425 149 4479 p.
162 4411 215 4477 298
229 4407 276 4461 ed.
296 4408 444 4478 witberg,
456 4407 567 4462 undem
583 4410 611 4461 in
630 4408 682 4460 alto
696 4408 762 4460 mari
776 4407 914 4460 collocate
958 4407 1070 4475 δόνος]
1084 4407 1157 4460 ldem
1167 4406 1436 4478 expressitCornelius
1447 4423 1489 4476 ap.
1501 4404 1626 4467 PlinnVI,
1639 4406 1671 4456 35
1685 4424 1742 4459 ver·

123 4489 230 4556 regione
243 4485 300 4538 l'ere
313 4486 427 4540 Atlantis
441 4486 547 4558 majoris
560 4488 616 4539 sive
632 4504 684 4557 cap
695 4489 768 4538 Gerr.
782 4485 877 4539 Strabo
889 4488 912 4551 1,
958 4486 999 4538 bis
1013 4503 1019 4538 :
1033 4505 1065 4539 ex
1076 4487 1186 4540 aduerso
1197 4487 1310 4539 maxime
1321 4485 1496 4552 Carthaginis.
1510 4482 1551 4537 nd
1560 4483 1669 4536 eandem
1687 4503 1742 4537 rem

123 4582 150 4636 p.
162 4571 208 4635 47,
225 4564 262 4618 de
271 4565 447 4618 Eratosthene
464 4565 574 4637 loquens
588 4583 594 4618 :
606 4564 753 4618 llenlertane
764 4563 790 4616 δὲ
806 4564 915 4635 καὶπερὶ
958 4566 1024 4620 alius
1038 4567 1151 4637 pertinet
1167 4566 1244 4620 Plinii
1255 4565 1328 4618 locus
1342 4565 1399 4636 (V,
1418 4581 1442 4628 1,
1461 4581 1471 4615 r
1488 4563 1508 4635 ),
1524 4564 1570 4615 ubi
1583 4563 1638 4615 laec
1652 4582 1658 4615 :
1674 4567 1743 4616 Pru·-

124 4649 171 4698 τῶν
183 4643 343 4710 ἔξωσιηλῦν
356 4643 510 4715 Ἡρακλείων
521 4643 626 4705 πολλοῖς
639 4645 771 4715 μνῦώὸεοι,
784 4644 876 4714 Κέρνην
888 4663 914 4696 τε
958 4644 1079 4699 calidam
1095 4645 1260 4698 hancarhern
1283 4644 1341 4716 (sc.
1359 4645 1466 4706 Lixum,
1488 4641 1642 4696 hodiernam
1662 4647 1743 4695 Lara-

124 4727 198 4789 νῆοον
212 4724 257 4777 καὶ
276 4723 371 4786 ἄλλους
387 4724 478 4786 τόπους
497 4723 629 4796 ὀνομάζων
650 4724 707 4785 τους
725 4724 841 4794 μηδαμοῦ
861 4725 915 4776 νυνὶ
958 4725 1022 4801 che)
1051 4727 1221 4796 nrrtjmarnqac
1247 4722 1410 4790 Carthagine,
1426 4733 1554 4794 preterea
1578 4739 1611 4774 ex
1635 4721 1744 4774 adverso

125 4804 303 4874 δαινυμένους.
318 4803 479 4876 Lycophron
496 4805 568 4858 cass.
588 4809 621 4856 16
636 4821 643 4856 :
656 4803 767 4855 Τιθωνὸν
781 4803 806 4856 ἐν
819 4804 916 4874 nolanos
959 4807 1016 4873 ejas
1028 4804 1109 4856 sittim
1121 4815 1146 4855 rt
1156 4821 1238 4876 pmpe
1254 4803 1375 4855 innneaso
1387 4812 1474 4853 tracta
1486 4801 1520 4854 ab
1536 4801 1623 4868 Tingi,
1639 4817 1744 4871 qrta’qae

125 4887 167 4948 τῆς
176 4882 478 4953 Κέρνηςιιέλαςλιποῦσα.
490 4884 601 4938 Nonoua
611 4885 722 4954 Dionys.
731 4885 833 4946 xxltt,
846 4899 912 4951 190:
959 4883 1016 4936 alia
1038 4883 1168 4936 Carrrrliar
1188 4885 1275 4953 Nepos
1293 4879 1449 4935 avidissime
1462 4879 1583 4933 credidit.
1602 4882 1676 4932 Patet
1693 4877 1744 4930 Pli-

129 4960 197 5033 ‘spei
212 4963 240 5016 δέ
258 4963 338 5036 Κέρνη
358 4962 487 5024 κυκλώσας
500 4963 575 5034 πτερὰ
593 4967 672 5033 κοῦροι
691 4963 778 5032 βολαῖς
795 4961 917 5024 diadema
960 4963 1033 5014 nium
1042 4961 1208 5014 festinantem
1224 4959 1325 5012 diversa
1337 4958 1486 5011 cotrlodisse
1499 4975 1504 5010 :
1517 4977 1576 5011 nam
1588 4959 1669 5010 Lixus
1682 4955 1743 5007 urbs

130 5039 202 5105 Ἠοῦς
210 5045 303 5097 ἵπτατο
313 5044 441 5114 μειδιόων.
461 5045 486 5096 Τ
486 5055 567 5096 ratres
576 5043 611 5097 ad
622 5045 686 5114 ch.
698 5043 715 5094 l.
730 5042 746 5094 l.
761 5059 767 5094 :
782 5041 896 5112 Κέρνην
907 5046 916 5110 ]
958 5060 973 5094 a
984 5043 1062 5112 Tingi
1084 5041 1162 5093 distat
1173 5039 1225 5096 diei
1240 5039 1293 5092 lete
1308 5041 1410 5104 itinere,
1427 5057 1480 5090 non
1494 5049 1582 5089 tracta
1597 5031 1679 5107 [πορν
1697 5034 1743 5086 im·

126 5121 178 5187 ητις
188 5123 241 5177 leri
249 5123 474 5192 νῆαοςώνκανΐτις.
488 5125 738 5196 DionysiosPerieg.
752 5139 803 5192 ²¹9
815 5141 821 5175 :
834 5121 878 5175 ’lis
887 5123 914 5175 δὲ
959 5141 1060 5184 tiaram,-
1072 5139 1155 5190 napae
1165 5119 1198 5172 de
1208 5120 1256 5172 hae
1266 5121 1331 5172 urbe
1340 5119 1477 5171 Corrtelius
1488 5115 1565 5180 dixit,
1576 5114 1620 5168 sed
1631 5114 1665 5168 tle
1677 5116 1743 5167 Lixo

128 5204 227 5272 μυροῖοι
236 5203 357 5258 tenore
367 5201 481 5273 ἠπείροιο
491 5204 640 5257 arietatos
657 5202 784 5268 λίθιοπῆες
798 5202 867 5274 tezo
877 5203 913 5256 ἐπ’
958 5203 1041 5254 ilario
1060 5200 1222 5253 meridionali
1236 5210 1260 5252 et
1275 5199 1309 5251 de
1326 5201 1411 5252 (letne
1431 5197 1524 5260 insula,
1537 5213 1615 5266 quam
1630 5193 1667 5246 vel
1682 5211 1743 5245 earn

131 5279 238 5336 Ὠνπανιῗι
252 5285 368 5356 πομοίτης
381 5283 449 5353 παρὰ
464 5284 556 5354 :ipsese
576 5282 914 5354 Κέρνης,(ἶί.1·’,ιινιοῐίι.πιΙ
960 5285 1090 5335 llannone
1112 5291 1201 5332 trttstro
1220 5282 1305 5332 statim
1327 5279 1497 5350 postlimen
1518 5273 1743 5337 etinimcmoravit,
1777 5269 1794 5296 ⁵
