3950 5925
619 356 674 451 ‘un
697 388 899 449 nanctum
921 388 1207 451 anniciorum.
1608 411 1732 457 cxxxm

107 533 135 577 et
150 518 276 577 fortasse
299 520 366 579 aliis
379 519 466 577 aller-t
489 532 518 576 et
531 540 596 577 cum
615 519 765 579 Ptolemaei
781 538 900 595 geogra-
947 520 1055 595 egerit,
1070 521 1304 598 proficisceretur
1313 532 1341 578 et
1351 522 1573 579 astronomicum
1584 524 1732 585 Ptolemaei

107 614 179 693 pbia
192 614 298 693 inepte
320 616 438 686 miscet,
461 614 579 673 nonnisi
600 614 749 674 rarissima
769 615 901 691 quaedam
947 628 1114 693 computum
1139 616 1175 673 ad
1204 616 1364 674 stadiorum
1392 636 1547 675 numerum
1572 635 1730 679 revocaret.

106 722 273 766 occurrunt
286 730 302 767 a
314 709 429 769 Claudii
444 708 544 767 verbis
555 708 665 781 aliena,
680 729 717 766 ex
726 710 822 785 iisque
832 729 902 766 non·
947 708 1136 786 EProtagora
1147 709 1343 769 deindeetiam
1356 710 1416 769 baec
1423 714 1548 771 corrasit
1556 712 1730 774 lllarcianus.

106 804 189 861 nulla
201 825 265 861 non
285 818 342 861 tam
363 803 399 861 ad
410 805 485 862 alios
499 804 592 861 sontes
610 824 698 880 quam
711 805 747 861 ad
762 804 901 862 lllarciani
946 806 1078 883 Oppida,
1112 826 1238 883 quorum
1270 808 1379 865 mentio
1407 808 1511 879 fiebat,
1539 808 1638 867 eadem
1654 811 1732 869 liaud

107 901 155 957 rel
182 900 377 959 librariorum
402 900 606 976 negligentiam
637 901 789 958 referenda
821 915 898 959 sunt.
945 902 1035 959 dubie
1047 916 1131 961 erant
1148 923 1214 980 quae
1233 904 1311 981 apud
1328 904 1516 963 Ptolemaeum
1534 906 1623 965 babes
1648 909 1732 967 Certe

105 995 184 1054 Nori
196 1016 235 1054 ne
247 996 341 1055 hilum
352 995 496 1073 quideme
509 994 658 1053 lllarciano
668 995 900 1055 discimus.Nam
946 1016 1033 1072 quam
1051 1016 1139 1055 unam
1154 1017 1190 1055 ex
1212 998 1267 1057 hoc
1285 1000 1395 1077 scriptu
1415 999 1555 1059 Marciani
1567 1002 1729 1080 Stephanus
1796 1042 1799 1049 ·

107 1110 196 1167 quem
219 1090 385 1169 Stephanus
403 1110 441 1149 ex
460 1109 496 1147 eo
513 1090 609 1147 laudat
626 1088 804 1161 dedicavisse
828 1092 900 1149 dra·
930 1090 1043 1150 'laudat
1058 1093 1184 1152 inrisam
1203 1093 1376 1165 Germaniae,
1395 1096 1514 1154 curulem
1530 1096 1615 1155 etiam
1632 1098 1730 1156 Ptole-

106 1188 166 1245 biae
180 1190 281 1247 sinum
297 1191 351 1268 (ν.
367 1209 397 1266 p.
412 1189 481 1259 528,
494 1186 551 1264 ali)
572 1187 710 1245 sumsisse
722 1186 809 1244 debet
821 1208 838 1245 e
852 1208 899 1244 co·
945 1206 1034 1247 niseus
1057 1188 1168 1267 praebet
1189 1188 1268 1263 Vlll,
1285 1191 1315 1260 6,
1336 1191 1363 1261 3,
1384 1190 1436 1249 ubi
1451 1191 1530 1249 lraec:
1560 1195 1630 1251 Τῶν
1646 1190 1680 1250 δὲ
1700 1197 1730 1251 ἰν

105 1284 173 1343 dice
194 1284 899 1363 depravato,inqnoliteraeliddliublAlmu·
945 1282 1730 1363 τῇΓερμανίρδιασήμωνπόλεωνὴμίνἈμι-
1775 1326 1780 1337 ·

107 1380 204 1437 taudae
214 1396 308 1439 erant.
322 1380 462 1452 Unicum,
474 1381 504 1437 ni
518 1379 614 1449 fallor,
629 1380 760 1437 locorum
777 1398 895 1449 nomeu,
945 1376 998 1434 σία
1014 1377 1061 1447 τὴν
1079 1376 1204 1454 μιγίοτην
1219 1376 1320 1456 ἡμέραν
1334 1376 1389 1455 ἔχει
1404 1381 1479 1457 ὡρῶν
1504 1378 1538 1445 ις’
1555 1378 1591 1453 ι’,
1607 1380 1651 1437 καί
1661 1380 1729 1439 διέ-

107 1474 188 1550 quod
203 1476 235 1531 in
257 1474 416 1533 Ptolemaeo
440 1485 541 1531 nostro
562 1492 622 1529 uon
643 1472 787 1547 legimus,
807 1471 898 1530 habes
944 1496 1068 1543 οτηιιιν
1095 1472 1287 1552 Ἀλεξανδρείας
1311 1474 1375 1551 πρὸς
1389 1474 1482 1541 ’δύσιες
1509 1476 1581 1533 δυσίν
1608 1476 1725 1553 ἔγγιστα.

106 1589 139 1645 p.
158 1571 231 1643 523,
251 1592 303 1645 29,
325 1569 378 1628 ubi
403 1570 432 1628 ol
455 1566 569 1648 δρόμοι
588 1572 636 1638 τῆς
651 1566 769 1636 Ἀζανίας
789 1588 899 1627 memo·
943 1570 1054 1647 Scripsi
1073 1568 1172 1645 liparia
1195 1592 1249 1649 pro
1273 1570 1416 1647 Ἀμοίσεια,
1437 1574 1515 1649 quod
1534 1573 1679 1631 editiones
1701 1587 1729 1631 et

106 1677 225 1733 rantur,
237 1684 315 1741 quos
327 1664 490 1721 accuratius
510 1663 646 1721 novimus
658 1680 695 1720 eit
709 1664 806 1723 Arion.
820 1664 898 1741 peri·
942 1664 998 1723 hoc
1017 1666 1082 1725 loco
1096 1664 1203 1725 habent
1217 1678 1245 1725 et
1268 1666 1308 1739 ll,
1332 1689 1377 1742 ιο,
1394 1688 1426 1746 p.
1446 1668 1500 1736 154
1524 1669 1571 1727 ed.
1588 1668 1728 1744 Wilberg.

104 1757 156 1835 plo
172 1759 266 1817 maris
277 1758 422 1836 Erythraei
433 1802 441 1829 ,
454 1756 618 1815 Marcianus
628 1776 700 1814 vero
712 1776 728 1814 e
739 1757 899 1833 Protagora
943 1766 982 1821 nt
1000 1762 1078 1820 libro
1092 1762 1218 1821 secundo
1239 1764 1259 1823 l.
1274 1764 1294 1822 l.
1306 1764 1397 1823 codex
1410 1764 1548 1823 editionis
1563 1768 1728 1841 Argentinae

105 1850 266 1929 babuerit,
277 1853 364 1912 sicuti
377 1873 440 1928 quae
452 1850 489 1909 de
500 1851 700 1927 magnitudine
709 1850 734 1909 T
735 1851 898 1929 aprobaues
942 1877 972 1934 p.
998 1858 1033 1914 18
1051 1858 1163 1935 praebet
1177 1858 1282 1934 Ἀμιοία
1297 1858 1450 1936 (Ἀμασία,
1474 1861 1592 1937 Ἀμασία,
1614 1862 1638 1921 Ἀ
1643 1862 1728 1935 preda

106 1947 211 2003 insulae
235 1950 285 2025 (p.
308 1946 377 2024 534)
399 1948 478 2004 etde
501 1949 583 2005 sinus
599 1946 697 2022 lllagni
721 1960 750 2004 et
772 1948 897 2005 aliorum
942 1952 993 2010 alii
1004 1954 1088 2011 codd.
1100 1974 1147 2031 ap.
1161 1954 1274 2032 witin,
1285 1956 1363 2031 quod
1376 1956 1452 2034 apud
1464 1957 1640 2035 Stephanum
1655 1979 1728 2035 quo-

105 2037 320 2100 nonnullorum
335 2042 481 2098 mensuris
501 2040 684 2098 aPtolemaei
702 2053 839 2118 computo
852 2041 897 2101 di·
942 2066 1001 2122 que
1022 2049 1220 2125 reponendum
1237 2049 1325 2107 suerit
1345 2070 1400 2128 pro
1421 2050 1520 2125 Ἀμιαα
1533 2053 1579 2109 rel
1602 2050 1727 2128 Ἀμιοσιι,

105 2154 192 2193 rersa
207 2136 480 2214 deprehenduntur.
496 2136 627 2195 Ceterum
642 2136 809 2214 Protagorae
820 2158 895 2214 quo·
942 2142 1017 2227 sicut
1026 2143 1251 2217 Amisialegitur
1260 2162 1307 2221 ap.
1317 2143 1342 2202 Τ
1344 2144 1602 2222 aoitnml*'*)dnn.
1614 2145 1653 2218 ΙΙ,
1663 2148 1690 2223 8,
1699 2162 1728 2205 et

107 2251 163 2307 que
171 2232 365 2309 geographia,
378 2252 465 2309 quam
477 2232 514 2289 de
525 2245 606 2309 parte
616 2232 817 2290 mathematica
831 2256 896 2310 γεω-
941 2237 1050 2296 fluvius
1074 2240 1259 2317 propinquus
1276 2244 1284 2316 l
1299 2241 1367 2298 liud.
1378 2245 1474 2315 ‘linui
1491 2256 1611 2301 vocatur
1638 2249 1726 2301 Ami-

106 2326 215 2405 μσιρίαν
224 2326 346 2384 Photius
354 2326 452 2383 dicere
463 2328 572 2403 potuit,
584 2327 615 2384 in
628 2328 775 2404 plerisque
795 2327 895 2386 Ptole·
939 2342 996 2390 sias
1005 2336 1051 2392 rel
1066 2340 1172 2392 Amisia
1182 2357 1229 2413 ap.
1243 2338 1334 2395 Tacit.
1347 2341 1424 2396 Anu.
1445 2338 1469 2409 l,
1481 2341 1529 2396 60.
1543 2340 1592 2396 63.
1607 2360 1656 2411 70,
1667 2340 1725 2398 lde·

106 2422 168 2478 rnaei
180 2422 267 2499 operi
274 2432 472 2499 superstructa
481 2422 569 2479 luisse
579 2422 895 2499 ridetur‚adeoutquae
940 2429 996 2486 lam
1012 2431 1051 2501 ll,
1068 2432 1083 2487 3
1100 2445 1128 2489 et
1142 2432 1270 2491 Plinium
1285 2432 1333 2504 lV,
1348 2441 1390 2499 ri.
1404 2432 1508 2491 Strabo
1522 2455 1550 2511 p.
1560 2454 1617 2510 ²9⁰
1630 2448 1658 2491 et
1669 2455 1721 2509 ²9¹

104 2514 248 2589 gradibus
260 2515 322 2587 ille,
332 2516 382 2574 hic
393 2515 553 2573 stadiorum
566 2516 696 2574 numeris
704 2516 854 2591 deliniret,
866 2530 900 2575 et
939 2526 991 2601 spu
1007 2524 1090 2585 urbis
1106 2546 1163 2584 nun
1180 2528 1323 2603 meminit,
1346 2528 1467 2585 flirvinm
1490 2542 1576 2585 vocat
1587 2528 1725 2605 Ἀμασίαν,

106 2624 248 2687 praeterea
266 2612 399 2669 locorum
418 2611 631 2668 maritimorum
644 2610 797 2669 distantias
813 2631 830 2669 e
844 2632 898 2670 va·
941 2616 1060 2676 fortasse
1081 2622 1180 2695 patriae
1215 2620 1334 2677 nomine
1358 2620 1504 2681 seductus.
1528 2620 1550 2679 l]
1582 2622 1725 2681 Strabone

106 2707 159 2764 riis
182 2707 311 2784 periplis
338 2707 498 2781 colligeret.
526 2707 708 2783 Quamquam
730 2708 895 2767 accuratius
939 2724 1033 2769 autem
1059 2714 1159 2771 nescio
1181 2732 1216 2771 an
1240 2714 1371 2772 fluminis
1390 2734 1495 2772 numen
1520 2713 1647 2789 Ἀμασίας
1668 2716 1722 2791 jam

106 2804 261 2881 quidpiam
278 2804 316 2862 de
336 2802 393 2861 boc
411 2804 564 2882 scriptore,
587 2804 729 2880 cujusne
755 2803 792 2861 de
813 2817 894 2863 aetate
939 2806 1052 2883 pridem
1069 2808 1100 2865 iu
1114 2807 1301 2867 Ptolemaeum
1316 2808 1356 2879 ll,
1386 2810 1722 2886 11,p.148,aillutuiu

106 2898 223 2974 quidem
239 2911 363 2971 constat,
380 2899 482 2976 nequit
495 2900 666 2957 asseverari.
937 2900 984 2972 sit,
997 2922 1086 2979 quum
1102 2903 1265 2963 consentire
1278 2903 1313 2962 de
1325 2923 1360 2960 eo
1376 2904 1461 2962 codd.
1476 2904 1630 2964 videantur
1643 2908 1651 2982 l
1666 2906 1722 2964 nisi

143 2995 212 3052 223.
235 2994 338 3052 Tertio
353 2995 420 3052 locu
434 2995 510 3052 inter
528 2994 636 3072 scripta
649 2993 788 3052 Marciani
807 2997 893 3073 posui
937 2998 1016 3073 quod
1032 2997 1147 3071 Ἀμάοου
1161 3018 1219 3075 pro
1228 2997 1352 3073 Ἀμασίου
1367 2999 1477 3074 praebet
1496 2999 1587 3057 editio
1604 3005 1717 3075 Argen

104 3090 220 3146 titulum
237 3111 245 3146 :
260 3087 349 3168 Περὶ
371 3092 434 3147 τῶν
458 3091 518 3145 ἀπο
532 3087 663 3164 Ῥώμης
677 3089 730 3146 tat
744 3088 800 3154 τὰς
824 3092 892 3148 int·
939 3092 1033 3168 tina),
1050 3112 1103 3150 nec
1117 3093 1266 3151 dissentiat
1277 3093 1440 3151 Marcianus
1456 3114 1486 3172 p.
1500 3093 1568 3163 555,
1587 3115 1641 3152 ιι..

103 3186 227 3260 sipon<
251 3189 308 3255 τῆς
322 3184 519 3261 οἰκουμένης
541 3184 654 3251 πόλεις
668 3184 891 3258 διαστάσεων,
978 3197 1045 3256 aad.
1065 3189 1130 3246 llaec
1142 3209 1231 3266 quum
1248 3189 1287 3247 ita
1300 3189 1438 3260 babeant,
1454 3189 1546 3246 facilis
1559 3191 1722 3262 conjectura
1795 3207 1797 3213 ⁸

104 3283 255 3357 quiquum
264 3281 296 3337 in
309 3279 440 3338 indiculo
450 3280 576 3357 capitum
585 3280 694 3358 peripli
704 3280 792 3338 maris
800 3282 891 3340 exteri
936 3295 979 3338 est
998 3282 1136 3340 lllarciani
1149 3283 1307 3360 periplum,
1323 3282 1498 3341 ePtolemaei
1513 3283 1638 3340 maxime
1652 3303 1720 3340 cen-

103 3376 198 3434 locum
213 3377 350 3435 ultimum
364 3375 510 3451 obtineat,
531 3395 590 3434 uon
611 3396 685 3455 opus
698 3378 891 3454 particulare,
936 3377 1054 3434 tonibus
1066 3377 1235 3447 collectum,
1260 3378 1314 3435 etsi
1328 3378 1427 3454 copias
1440 3377 1647 3454 geographicas
1663 3397 1721 3434 non

104 3473 152 3530 sed
163 3472 357 3552 appendicem
368 3473 483 3552 periplo
497 3472 657 3546 subjectum
671 3474 796 3550 prindere
807 3475 888 3532 ride·
936 3487 1055 3548 augeat,
1068 3486 1232 3530 tamennon
1245 3485 1276 3531 ut
1286 3493 1406 3550 prorsus
1421 3472 1554 3530 inutilem
1564 3471 1721 3550 projicien-

103 3583 157 3626 tur.
168 3569 417 3648 lpsumscriptum
426 3589 484 3628 una
491 3589 555 3627 cum
562 3571 802 3648 extremaperipli
810 3585 891 3647 parte
936 3569 1004 3626 dum
1020 3589 1093 3628 esse.
1107 3569 1177 3627 liant
1192 3581 1304 3627 constat
1321 3583 1438 3628 nostros
1449 3568 1595 3626 Ptolemaei
1607 3569 1722 3626 cedices

102 3667 131 3722 in
146 3665 250 3724 codice
272 3669 377 3745 periit,
399 3670 486 3726 semel
509 3680 687 3724 memoratur
706 3687 723 3723 a
745 3667 891 3744 Stephano
936 3679 1055 3724 cunctos
1073 3667 1128 3724 aeri
1141 3685 1204 3724 esse
1219 3667 1380 3736 citerioris,
1394 3659 1529 3723 acrerba
1541 3666 1667 3724 aiictoris
1682 3678 1721 3721 to-

103 3761 242 3835 Byzantio
252 3782 281 3818 v.
294 3759 393 3836 Ἀμιοα
417 3766 465 3835 (ν.
480 3781 509 3838 p.
535 3762 613 3833 565).
626 3765 780 3819 Auctorem
799 3761 830 3817 in
845 3761 890 3818 di·
936 3761 990 3819 ties
1003 3762 1142 3839 descripti
1162 3761 1234 3819 locis
1252 3763 1416 3819 innumeris
1431 3759 1619 3820 librariorum
1636 3761 1725 3838 culpa

101 3858 214 3916 stantiis
224 3858 287 3916 illis
302 3859 390 3916 luisse
401 3857 611 3915 rniliaiiiaurei
623 3871 653 3914 et
666 3858 887 3915 itinerariorum
936 3871 1073 3934 corrupta
1098 3871 1127 3915 et
1159 3858 1309 3915 doctorum
1334 3858 1456 3916 arbitrio
1477 3870 1602 3928 curtata,
1625 3870 1718 3926 aneta,

102 3951 292 4028 publicorum
307 3953 393 4009 fidem
409 3966 537 4010 secutum
555 3964 652 4010 censet
669 3953 761 4011 Lucas
777 3951 890 4010 llolste-
935 3953 1110 4030 transposita
1122 3953 1168 4010 rel
1178 3951 1331 4010 alioniodo
1343 3971 1405 4010 esse
1414 3963 1536 4011 uisitata.
1552 3950 1633 4010 llaud
1645 3971 1720 4008 con-

101 4049 166 4105 nins
181 4049 215 4106 in
229 4047 284 4126 Ep.
305 4048 341 4106 ad
365 4049 543 4106 Peirescium
557 4067 647 4126 supra
657 4048 718 4124 jam
732 4047 845 4105 laudata
856 4048 889 4125 (²)
936 4047 1108 4104 temnendus
1129 4048 1220 4122 igitur
1233 4060 1334 4104 auctor
1348 4047 1398 4124 qui
1417 4047 1494 4103 circa
1506 4046 1639 4122 quintum
1655 4059 1720 4122 post

99 4141 244 4201 Similiter
273 4143 334 4201 alii.
360 4142 421 4218 Ego
449 4144 489 4201 ita
514 4144 658 4202 existimo.
693 4142 889 4210 Quemadmo·
935 4140 1005 4200 Clu.
1020 4127 1151 4200 seculuni
1164 4161 1233 4199 suos
1243 4140 1392 4198 Ptolemaei
1408 4139 1522 4198 codices
1543 4138 1720 4196 verbotenus

99 4234 165 4290 dum
187 4235 367 4293 Ptolemaeus
383 4235 460 4292 libro
483 4236 587 4294 ultimo
610 4237 641 4293 in
660 4236 777 4292 πινάκων
793 4235 891 4294 indice
934 4254 1011 4312 saepe
1020 4235 1185 4313 exscripsit.
1199 4235 1285 4313 Spem
1300 4235 1417 4312 quidem
1429 4233 1563 4292 utilitatis
1576 4234 1605 4290 in
1621 4233 1717 4290 Ptole·
1735 4223 1739 4230 ¹

101 4331 188 4390 tradit
198 4351 336 4408 quaenam
349 4333 387 4389 sit
396 4332 612 4410 praecipuorum
624 4334 705 4390 orbis
713 4331 889 4410 oppidorum
936 4349 1038 4387 maeum
1055 4330 1122 4388 bine
1137 4329 1341 4388 redundatura
1354 4329 1415 4386 sore
1428 4329 1577 4387 minimam
1591 4327 1717 4387 credide

98 4425 135 4483 ab
148 4426 329 4484 Alexandria
339 4427 476 4484 distantia
487 4427 554 4506 Ψ),
570 4427 705 4485 similiter
717 4428 750 4484 in
762 4447 814 4486 sua
824 4449 890 4504 γιω-
936 4427 992 4498 ris,
1010 4426 1087 4504 quod
1108 4424 1250 4484 Marciani
1271 4427 1361 4482 codex
1379 4425 1528 4481 Parisinus
1549 4423 1719 4480 utendorum

98 4523 193 4602 μετρία
219 4525 286 4581 sive
310 4522 464 4601 γεωγρσρίρ
487 4524 587 4582 lecerit
616 4522 807 4600 Protagoras,
831 4525 889 4582 uisi
935 4523 1021 4597 copia
1042 4521 1163 4596 laborat,
1189 4520 1261 4578 adeo
1275 4533 1335 4578 ute
1352 4518 1506 4578 Ptolemaeo
1522 4518 1628 4596 saepius
1645 4519 1719 4576 lllar·

98 4618 175 4694 quod
196 4619 320 4676 calculis
338 4620 401 4677 suis
414 4639 431 4676 a
445 4618 536 4676 Roma
548 4617 636 4690 urbe,
662 4617 693 4676 iu
720 4638 778 4695 qua
797 4620 888 4676 vitam
935 4619 1037 4677 cianus
1045 4637 1131 4696 quam
1147 4617 1193 4676 bic
1203 4635 1239 4675 ex
1253 4616 1304 4674 illo
1319 4615 1511 4690 corrigendus
1521 4615 1574 4682 sit;
1586 4613 1719 4674 eandem·

127 4786 159 4844 Γ)
173 4784 350 4846 Weseeiingios
361 4785 386 4834 in
396 4785 489 4848 praelat
509 4785 539 4834 ad
549 4786 604 4835 itin.
620 4798 645 4847 ρ.
659 4792 691 4834 t:
711 4804 723 4826 ν
737 4784 871 4834 Hadrianus
881 4785 970 4833 binius
984 4785 1100 4834 Boionia
1112 4797 1163 4832 sua
1174 4795 1227 4845 pag.
1240 4787 1286 4832 203
1300 4782 1447 4832 tranianum
1460 4781 1583 4830 itinerario
1595 4783 1720 4829 auctorent

97 4851 176 4915 dedit,
188 4855 245 4915 qui,
258 4857 382 4916 Slepliauo
392 4857 415 4903 in
428 4856 513 4917 Ἀμιοα
522 4857 593 4915 leste,
608 4855 757 4904 itinerarium
769 4853 803 4918 ab
814 4854 874 4903 urbe
883 4858 960 4904 lioma
970 4855 1000 4900 ad
1012 4853 1099 4902 nobilia
1111 4852 1199 4913 oppida
1213 4851 1321 4912 scripsit;
1339 4863 1413 4911 ιμιιιιιι
1426 4851 1588 4911 conjecturam
1604 4852 1638 4897 rii·
1654 4863 1720 4908 egre·

98 4922 148 4981 gius
164 4924 217 4972 sine
229 4922 304 4971 dubio
317 4924 472 4978 damnasset.
484 4925 504 4972 si
520 4925 635 4973 Marciani
648 4923 760 4984 reliquias
769 4937 825 4972 cum
843 4923 890 4972 boc
904 4924 1032 4973 itinerario
1050 4922 1221 4972 ooritendisset.
1237 4923 1362 4970 Diversum
1376 4924 1441 4969 urum
1459 4925 1567 4982 gersuset
1582 4921 1720 4981 ‹liserepaus

99 4993 223 5054 utriusque
239 4993 378 5042 institutum
394 4999 441 5043 est.
455 5011 468 5036 ι
481 4993 598 5042 Dodwelli
612 4992 780 5041 liarioiationes
792 4993 868 5053 legere
876 4996 915 5042 est
923 4994 988 5056 apud
1000 4993 1141 5043 iiud'sonnnr
1155 4996 1213 5041 lusu.
1228 4996 1245 5050 Ι,
1258 5005 1280 5053 p.
1299 4995 1350 5040 tii.

128 5064 177 5122 (“)
190 5062 250 5111 ΡῑοΙ.
263 5066 329 5122 viti,
342 5070 356 5112 i
367 5064 421 5112 inll.
433 5063 629 5118 t'l'nort'tororrec
642 5064 667 5111 δὲ
677 5070 735 5112 τῶν
747 5064 808 5111 καθ’
820 5063 950 5122 ἑκάστην
970 5067 1067 5128 χώραν
1081 5065 1236 5126 διασήμων
1253 5065 1322 5110 ndi·
1331 5067 1415 5110 ων“τα
1432 5063 1473 5123 μὲν
1489 5062 1604 5124 stipare:
1615 5061 1719 5122 μετενίη·

100 5135 155 5191 μένα
164 5135 197 5188 εἰς
208 5134 239 5182 τὰ
249 5135 335 5195 μεγέθη
351 5139 400 5181 τῶν
411 5134 435 5192 ἐν
445 5133 522 5188 αὐτοῖς
534 5134 649 5194 μεγίστων
664 5136 766 5194 ἡμερῶν,
779 5134 819 5184 cit:
829 5133 853 5182 δὲ
868 5137 928 5183 κατὰ
948 5141 1021 5194 μῆκος
1032 5136 1119 5196 ἐποχὰς
1138 5135 1170 5189 είς
1184 5134 1220 5189 τὰς
1231 5133 1277 5182 ἀπὸ
1289 5137 1330 5180 τοῦ
1343 5133 1373 5180 δι’
1387 5134 1550 5193 Ἀλεξανδρειας
1563 5131 1718 5194 ρεσημὸρινοί

101 5204 228 5261 διαστάσεις
238 5207 289 5253 κτλ.

131 5275 189 5336 (m)
203 5275 271 5325 iiaud
278 5276 346 5331 enim
356 5275 454 5324 diversa
465 5275 536 5324 nterii
544 5275 619 5324 Taciti
629 5273 686 5322 urbs
693 5273 722 5321 ab
736 5273 859 5323 l’toleinoei
872 5275 945 5336 urbe,
958 5277 997 5324 cui
1010 5288 1056 5322 tion
1067 5287 1137 5322 suurn
1152 5273 1230 5322 locum
1247 5274 1389 5324 Ptolomeus
1398 5273 1532 5336 assignarit.
