3950 5925
134 395 271 474 (κν-ω.)
732 394 782 453 na
804 393 902 453 ιιιιιι
925 395 1157 454 anrrnnrso.
1694 410 1747 459 ιιι

3 547 4 560 ’
45 532 123 578 l‘lutl·
176 548 224 587 tot.
240 523 306 585 Ὅτι
319 522 399 581 εἰπὼν
413 523 473 601 περί
487 520 635 598 ἀμπιιίτεων
650 526 663 579 ό
681 522 844 604 συγγραφεύς
862 525 919 581 δια·
1001 537 1140 605 107.llinc
1149 546 1288 607 postquam
1298 538 1598 608 variusrrciprocatinnis
1609 558 1747 593 caumsnn-

133 618 229 695 φόρους
240 611 394 688 αἰτίας,καί
407 612 495 676 πάσας
507 615 541 676 ὡς
550 610 622 669 οὐδὲν
630 610 741 688 ἐχούσας
748 612 842 683 ἀληθὲς
857 615 920 671 ἄπο·
962 625 1184 692 ctorpercensuit,
1194 642 1345 693 omnesque,
1355 638 1384 676 ιιι
1391 642 1449 694 quae
1456 625 1521 677 nihil
1530 628 1582 678 reri
1588 628 1748 689 contineant,

134 700 295 777 δοκιμάσας,
310 698 412 776 ἐπάγει·
426 696 491 757 Ὅτι
510 696 537 755 δέ
552 702 635 756 ταῦτα
656 696 743 755 πάντα
757 696 852 756 λαλιθν
868 697 916 775 μὲν
964 709 1124 778 improbatas
1139 708 1238 779 rejecit,
1253 709 1375 780 deinceps
1392 710 1471 763 infert
1488 728 1493 763 :
1513 712 1592 780 Quod
1606 713 1660 765 hare
1675 716 1750 781 nugis

134 791 191 868 ἔχει
203 797 279 867 σιγᾶν
293 785 496 865 αἰσχυνομένην,
517 784 672 863 πράγματος
683 785 710 843 δέ
722 785 822 852 ούδενθς
838 786 920 844 ἀντεί·
963 806 1092 860 constent,
1104 807 1130 848 et
1148 796 1268 849 aaullius
1282 798 1319 849 rei
1336 799 1453 861 veritate,
1467 816 1526 868 quse
1538 800 1651 852 recitatis
1662 802 1749 870 opitu·

108 882 120 915 θ
134 882 237 947 ληπται
250 877 371 955 βοήθειαν
382 872 527 948 δυναμένου
538 873 591 938 τοῖς
605 871 749 951 εἰρημένοις
761 878 919 952 παρασχεῖν,
963 880 1040 945 latur,
1052 884 1104 934 sint
1116 881 1263 953 desumpta,
1276 883 1382 951 cognitu
1393 882 1467 935 facile
1477 894 1527 937 est.
1563 886 1632 937 Tum
1643 887 1750 957 quilius·

134 962 239 1041 εὐχερές
260 965 316 1021 ἐστι
337 965 440 1037 μαθεῖν.
482 950 550 1019 Εἶτα
565 959 685 1038 προσθεὶς
708 960 753 1017 καὶ
776 959 852 1040 ἐτερα
874 966 921 1033 τῆς
964 964 1026 1018 dam
1044 966 1099 1019 aliis
1115 970 1141 1020 in
1155 968 1505 1039 eamsententiamadjectis‚
1526 972 1621 1023 iterum
1635 971 1747 1025 subdit:

134 1052 216 1119 αὐτῆς
230 1048 327 1115 ἐννοίας
344 1047 469 1127 ἐχόμενα,
489 1046 569 1105 πάλιν
584 1044 714 1125 ἐπιφέρει·
732 1046 779 1107 art
794 1048 856 1128 περὶ
873 1047 920 1125 μὲν
964 1053 1029 1105 Ideo
1048 1052 1082 1105 de
1100 1073 1208 1109 recursu
1230 1058 1309 1108 maris
1329 1066 1457 1127 terraeque
1480 1068 1554 1110 motu
1567 1077 1598 1111 ac
1619 1062 1700 1112 ventis
1723 1074 1750 1115 et

134 1137 286 1211 ἀμπώτιδας
303 1134 349 1193 καί
368 1140 476 1209 σεισμοῦ
492 1134 537 1193 καὶ
553 1134 708 1211 πνευμάτων
723 1135 768 1194 καί
788 1139 920 1214 κιραυνιῗνν
965 1141 1119 1195 fulminibus
1130 1154 1157 1195 et
1175 1142 1203 1195 id
1215 1162 1296 1213 genus
1310 1146 1438 1197 universis
1450 1144 1668 1216 disputationem,
1690 1151 1749 1218 qui-

133 1224 181 1282 καὶ
195 1228 247 1283 τῶν
259 1224 380 1283 τοιούτων
393 1223 515 1281 ἁπάντων
526 1221 571 1287 τθις
584 1224 631 1299 μίν
646 1223 746 1299 αἰτίας,
762 1223 795 1281 δι’
807 1223 838 1290 δς
848 1224 919 1301 γίνε-
965 1226 1014 1279 bus
1026 1226 1145 1281 videlicet
1157 1232 1241 1283 causis
1252 1232 1387 1295 exsistant,
1400 1230 1568 1284 concedimus
1580 1233 1645 1297 aliis,
1659 1236 1703 1304 qui
1716 1236 1749 1287 ad

95 1330 120 1365 Ιυ
134 1336 193 1383 ται,
211 1316 423 1393 παραχοιροῦμεν
436 1318 488 1375 τοῖς
500 1310 663 1388 ἑτοιμότερον
675 1309 764 1389 ἔχουσι
773 1311 837 1390 πρός
847 1313 920 1369 siao-
964 1313 1158 1384 expediendum
1178 1317 1317 1387 istaquam
1335 1335 1384 1369 nos
1397 1327 1460 1370 sunt
1477 1320 1629 1387 paratiores.
1668 1322 1749 1373 Atal-

133 1399 195 1455 λίαν
213 1402 306 1473 ἡμῶν
325 1397 359 1455 cd
374 1398 402 1455 δὲ
421 1397 493 1468 πάθη
509 1397 542 1455 τὰ
563 1400 693 1473 γεννῶντα
714 1395 761 1462 ad<
781 1400 921 1476 προφανεῐς
964 1401 1089 1455 sectiones
1112 1402 1208 1473 quibus
1229 1402 1373 1455 manifestae
1395 1403 1553 1457 calamitates
1582 1417 1749 1473 generentur,

135 1485 273 1565 συμφορὰς
293 1484 490 1561 δεδηλώκαμεν,
503 1485 627 1560 μαθόντες
646 1482 719 1562 παρὰ
731 1488 783 1542 τῶν
802 1484 917 1542 εἰδότων.
964 1490 1143 1558 exposuimus,
1159 1490 1275 1557 agnaris
1295 1498 1421 1559 acceptas.
1460 1491 1649 1543 verisimiliora
1663 1504 1749 1545 autem

138 1574 279 1651 Elpinicen
289 1572 317 1630 δὲ
328 1572 494 1650 πιθανώτερα
506 1571 605 1629 τούτων
617 1574 653 1637 εἰς
669 1575 717 1648 μὲν
732 1571 853 1629 ὑπόθεσιν
867 1595 920 1629 πα·
965 1576 1035 1629 lrisoo
1048 1578 1180 1642 invenire,
1192 1576 1225 1629 ad
1235 1588 1419 1646 argumentum
1429 1578 1535 1648 quidem
1551 1580 1664 1631 insolens
1675 1584 1751 1633 enirn

136 1659 244 1739 ράδοξον
269 1660 492 1739 φιλοτιμούμεθα,
519 1659 635 1737 ἱστορίαν
658 1657 686 1717 δὲ
713 1657 920 1737 ἀπαγγέλλοντες
964 1666 1094 1735 cupimus,
1108 1666 1154 1717 sed
1169 1666 1203 1719 ad
1213 1684 1280 1719 rerae
1289 1666 1477 1736 professionem
1487 1668 1603 1721 historiae
1615 1669 1664 1721 tale
1675 1670 1751 1739 quid-

95 1766 120 1801 rs
135 1746 261 1817 α’ληθινὴν
272 1750 318 1805 ούκ
329 1745 360 1804 ἐν
373 1746 559 1823 θπομείναμεν.
964 1750 1026 1802 dam
1040 1752 1140 1805 anobis
1158 1752 1261 1805 admitti
1274 1771 1327 1805 non
1339 1763 1434 1823 potest.

178 1833 303 1895 rna.‘'0u
315 1838 388 1913 ἐντῷ
399 1833 582 1913 προειρημένῳ
601 1834 689 1913 πόρῳ,
705 1835 786 1916 φησί,
802 1834 862 1914 napi
874 1834 920 1902 tl<
1002 1850 1061 1901 108.
1086 1851 1117 1900 In
1137 1848 1204 1902 freto
1216 1868 1294 1921 supra
1309 1862 1455 1903 memorato
1475 1852 1543 1904 circa
1555 1852 1634 1905 olivas
1654 1854 1750 1907 mirum

134 1921 227 1988 ἐλαίας
248 1921 364 1979 τοιοῦτόν
390 1945 416 1979 τι
439 1921 508 1989 ξένον
536 1921 685 1998 συμύαίνει.
730 1923 920 2001 Πλημμυρίδος
963 1935 1015 1987 hoc
1034 1932 1151 1987 accidere
1164 1935 1253 1987 tradit.
1291 1937 1366 1989 AEstu
1384 1938 1463 1989 maris
1482 1937 1643 2003 exundante,
1659 1958 1751 1992 omnes

135 2009 307 2088 ὑπαρχούσης
320 2018 404 2068 πᾶσαί
416 2008 611 2084 κθλύπτονταιι
629 2014 675 2081 τῆς
689 2008 712 2067 δ’
724 2010 870 2086 mimi
879 2036 920 2087 p·
964 2033 1130 2102 operiuntur,
1142 2034 1259 2103 marique
1271 2033 1355 2085 undas
1364 2034 1524 2099 resorbente,
1540 2037 1613 2087 omni
1633 2048 1751 2107 tempore

134 2097 245 2171 νομένης
260 2099 286 2154 ἐν
302 2102 334 2176 τῇ
348 2097 468 2176 θαλάσσῃ
488 2098 575 2155 πάντα
592 2097 636 2154 τὸν
650 2097 743 2176 χρόνον
768 2099 917 2157 θάλλουσιν.

91 2196 120 2231 2⁰
134 2184 216 2244 Ἔστι
235 2184 301 2243 δέτι
322 2184 449 2266 φυόμενον
470 2185 559 2242 αὐτόθι
574 2184 642 2241 κατθι
654 2185 731 2258 βάθος
752 2186 778 2241 ἐν
792 2186 849 2251 ταῖς
867 2190 917 2265 ρα-

135 2273 219 2351 χίαις,
232 2271 342 2350 μελαίνῃ
362 2272 458 2351 σχοίνῳ
472 2272 669 2350 παραπλήσιον,
683 2272 700 2329 ό
711 2295 789 2351 φασιν
799 2276 823 2330 οἱ
836 2275 919 2331 ἐκεῖσε

136 2365 318 2425 κατοικοῦντες
342 2358 438 2424 Ἰσιδος
460 2350 526 2416 ε’ίναι
555 2360 692 2438 τρίχωμα,
718 2361 830 2435 μυθώδει
849 2361 919 2419 πλά·

135 2470 219 2522 σματι
244 2447 333 2505 πίστιν
365 2447 444 2517 εύήθη
474 2446 632 2525 περιτιθέναι
656 2450 800 2518 ζητοῦντες.
845 2450 920 2523 Συμ-
1640 2518 1645 2527 Ι

137 2535 235 2605 gggm
246 2537 269 2593 δ’
279 2538 350 2615 αὐτῷ
363 2534 518 2613 τυπτομένῳ
535 2532 582 2608 μγ,
595 2534 645 2592 ὑπὸ
663 2541 709 2592 ,οὗ
721 2536 836 2611 κύματος
847 2536 918 2611 κλμ,
964 2534 980 2568 a
995 2516 1076 2569 fluctu
1090 2517 1168 2569 variis
1181 2516 1293 2585 agitetur
1307 2516 1433 2581 flexibus,
1449 2534 1532 2587 quum
1554 2528 1609 2570 tota
1623 2536 1678 2587 ejus
1692 2520 1753 2572 sub.

91 2638 120 2674 ης
135 2629 246 2681 moa,
265 2624 423 2701 πολλαχῶς,
443 2622 547 2692 ἁπαλῆς
561 2620 639 2693 οὔσης
657 2628 703 2695 τῆς
716 2622 778 2693 ὅλης
796 2630 921 2705 mmo-Ag<
964 2616 1059 2668 stantia
1071 2615 1105 2665 sit
1118 2613 1217 2677 mollis,
1228 2615 1375 2683 ceterisque
1390 2615 1416 2665 iu
1428 2614 1585 2683 hoc-genere
1595 2615 1689 2684 plantis
1701 2634 1753 2667 res-

135 2712 181 2767 καὶ
192 2716 246 2776 τοῖς
257 2710 345 2777 ἄλλοις
358 2710 547 2787 παραπλησίας
568 2711 670 2789 φυτοῖς·
689 2709 721 2768 ἂν
736 2710 764 2768 δέ
775 2736 813 2778 τις
825 2712 922 2770 sinoad-
965 2704 1089 2774 pondeat.
1128 2709 1163 2758 At
1174 2707 1196 2757 si
1210 2706 1269 2774 quis
1281 2706 1399 2757 avulsum
1413 2706 1439 2757 in
1450 2706 1534 2757 lucem
1546 2704 1637 2758 efferat
1647 2706 1752 2758 subdia·

135 2802 187 2877 ψας
208 2802 244 2864 εἰς
264 2800 309 2857 τὸν
325 2798 450 2878 ύπαιθρον
471 2797 592 2878 ἄναφήνῃ
605 2798 697 2875 τόπον,
712 2800 818 2879 σιδήρου
833 2822 919 2880 παρα.
965 2796 1029 2859 lam,
1046 2815 1105 2867 pars
1126 2797 1166 2849 illa
1188 2797 1271 2850 ablata
1286 2799 1412 2849 continuo
1431 2798 1559 2865 rigescens
1577 2797 1670 2854 durior
1684 2798 1754 2851 ferro

135 2891 229 2965 χρῆμα
243 2886 342 2963 γίνεται
352 2887 382 2945 τθ
394 2887 550 2966 διῃρημένον
561 2885 743 2966 σκληρότερον.
965 2888 1061 2940 eradit.

179 2995 228 3035 ιον.
243 2971 309 3034 Ὀτι
323 2972 369 3032 καλ
383 2974 458 3032 ἄλλοι
471 2973 519 3050 μίν
529 2975 638 3044 πολλοί,
651 2976 743 3054 φησίν,
759 2975 846 3054 ἰχθύες
862 2977 922 3054 περὶ
1005 2997 1063 3048 ¹09·
1077 2983 1108 3032 ln
1123 2981 1195 3044 locis,
1209 3000 1267 3052 quae
1283 2969 1416 3048 recensui,
1430 3001 1512 3052 quum
1525 2983 1567 3035 alii
1580 2983 1653 3035 multi
1671 2987 1753 3036 varin·

93 3078 124 3116 ευ
138 3062 199 3130 τοὺς
211 3061 414 3141 προειρημένους
427 3061 560 3120 τίκτονται
572 3061 685 3135 τόπους,
697 3063 921 3142 παρηλλαγμένην
966 3083 1018 3133 quc
1034 3077 1133 3118 naturae
1144 3066 1295 3120 discrimine
1306 3069 1389 3138 pisces
1401 3080 1553 3134 nascuntur,
1574 3079 1630 3122 tum
1644 3070 1751 3138 quidam

135 3151 239 3228 ἔχοντες
256 3149 305 3221 τὴν
317 3148 405 3230 φύσιν,
420 3149 520 3228 γίνεται
534 3149 562 3208 δι’
575 3172 613 3216 τις
622 3150 695 3228 ἰχθύς
707 3149 922 3228 θπερόαλλόντοις
966 3152 1078 3205 offertur
1094 3154 1235 3206 immodice
1255 3156 1338 3224 niger,
1353 3155 1386 3207 ad
1402 3155 1609 3224 magnitudinem
1627 3159 1690 3221 riri,
1711 3160 1752 3208 cni

136 3239 236 3312 μέλας,
254 3237 345 3316 ἀνδρὸς
366 3236 435 3316 ἔχων
454 3235 576 3315 με’γεθος,
600 3239 628 3294 ὃν
649 3240 773 3296 καλοῦσιν
797 3238 921 3312 αἰθίοπα,
966 3239 1095 3311 AEthiopis
1109 3259 1205 3293 nomen
1223 3243 1376 3312 imponunt,
1390 3242 1462 3312 quod
1481 3244 1559 3295 ctiam
1580 3245 1672 3296 simam
1688 3246 1752 3295 imn-

135 3323 180 3382 διδ
194 3324 277 3382 τὸκαὶ
286 3330 332 3384 τοῦ
343 3323 484 3405 προσώπου
496 3324 571 3400 σιμὸν
584 3324 653 3404 ἔχειν
666 3325 810 3388 τδντύπον.
853 3329 923 3386 Τοῦ·
968 3327 1028 3395 gine
1049 3346 1096 3380 sua
1118 3327 1210 3381 faciem
1228 3329 1354 3382 imitante.
1402 3331 1480 3382 Hune
1498 3332 1639 3400 piscatores
1660 3333 1752 3394 initio,

135 3435 180 3470 τον
197 3413 257 3469 κατ’
270 3411 354 3492 ἂρχθς
367 3411 414 3489 μὲν
428 3416 452 3470 cl
470 3412 642 3491 θηρεύσαντες
657 3411 700 3469 διδ
715 3411 763 3482 τὴν
781 3411 922 3487 ὁμοιότητα
967 3423 1076 3484 propter
1087 3412 1285 3466 similitudinem
1304 3417 1397 3480 istam,
1413 3433 1461 3467 nec
1482 3415 1649 3468 rendendum
1663 3435 1710 3467 nec
1726 3418 1753 3468 in

94 3513 121 3550 ³⁵
137 3497 197 3556 οὔτε
209 3500 307 3556 πωλεῖν
321 3499 409 3570 ἠξίουν
423 3496 482 3557 οὔτε
504 3497 715 3568 καταναλίσκειν,
726 3503 771 3556 τοῦ
786 3497 813 3554 δέ
829 3497 923 3577 χρόνον
967 3499 1027 3551 cibo
1040 3499 1231 3553 absumendum
1238 3499 1403 3570 judicabant,
1413 3501 1459 3552 sed
1479 3503 1603 3572 temporis
1615 3519 1753 3572 progressu

136 3585 272 3664 προϊόντος
285 3587 420 3667 θμφότερα
432 3585 589 3666 πράττοντες
597 3585 670 3643 οὐδὲν
684 3585 878 3666 ἁμαρτάνουσιἸ
968 3597 1110 3658 auumque
1126 3588 1282 3653 factitantes,
1298 3589 1363 3641 nilril
1377 3599 1495 3659 peceant.

964 2129 1068 2181 florent.
1106 2130 1227 2181 Nascitur
1245 2129 1290 2182 hic
1298 2130 1432 2200 quippiam
1448 2131 1475 2201 in
1485 2130 1621 2201 profundo
1637 2150 1683 2203 pcr
1694 2152 1750 2185 sco-

964 2225 1054 2295 pulos,
1066 2224 1148 2293 junco
1163 2227 1239 2295 nigro
1259 2244 1313 2277 non
1331 2225 1468 2290 dissimile,
1489 2227 1561 2298 quod
1580 2229 1657 2280 Isidis
1674 2231 1752 2303 capil-

964 2322 1020 2373 lum
1040 2332 1135 2375 rocant
1158 2322 1265 2386 incolae,
1290 2321 1410 2375 fabuloso
1435 2334 1586 2377 commeato
1608 2325 1751 2395 simplicem

964 2420 1100 2472 adstruere
1117 2419 1197 2472 frdem
1218 2420 1314 2471 conati.
1353 2418 1457 2475 Accidit
1476 2438 1538 2472 vero
1561 2431 1590 2473 ut
1611 2421 1752 2491 impulsum

52 3753 180 3813 Diod-eor
195 3752 285 3833 καιρὸν
307 3754 413 3827 ἥδιστον
432 3758 485 3822 τοῖς
507 3755 642 3834 ἐγχωρίοις
663 3753 817 3834 φαίνεσθαι,
830 3778 922 3814 ταπιι·
966 3767 1087 3818 omnium
1100 3776 1139 3819 ast
1146 3764 1379 3836 jucundissimum,
1396 3766 1534 3820 deminuto
1546 3767 1600 3837 jam
1619 3785 1753 3839 peroccu-

134 3841 262 3916 νουμένου
277 3849 322 3902 τοῦ
336 3842 471 3918 καύματος
485 3841 528 3900 tat
545 3844 593 3914 rip
608 3841 681 3902 δύσιν
692 3848 737 3902 τοῦ
754 3843 840 3913 ἡλίου.
967 3871 1024 3906 sum
1038 3855 1098 3906 solis
1112 3867 1185 3908 astu.

179 3947 226 3988 ιοσ.
247 3928 342 3989 Τῶνδ
357 3929 460 4006 ἀνίμων
471 3930 576 4010 ζέφυροι
588 3930 636 4006 μὲν
646 3930 692 3988 καί
705 3929 775 3996 λίόες
788 3928 827 3987 ἔτι
839 3932 863 3987 δ’
875 3933 922 4009 cip·
1005 3947 1062 3993 106.
1084 3943 1124 3993 Εκ
1145 3943 1228 3994 ventis
1241 3943 1348 3995 Favonii
1365 3953 1391 3995 et
1403 3943 1484 3995 Africi
1498 3959 1545 3994 nec
1564 3960 1618 3994 non
1641 3946 1755 4008 argestae

93 4046 121 4084 to
135 4015 229 4091 γε’σται
250 4016 297 4074 καλ
321 4007 392 4096 εθροι
416 4015 524 4077 πνέουσι
549 4018 669 4098 καθάπερ
697 4018 743 4075 καλ
769 4015 843 4097 παρθ
869 4019 921 4085 τοῖς
967 4039 994 4080 et
1010 4029 1091 4090 Euri,
1111 4037 1141 4078 ut
1161 4026 1222 4079 alibi
1237 4039 1384 4092 terrarum,
1402 4030 1518 4099 spirant;
1535 4027 1580 4079 sed
1603 4029 1692 4082 Austri
1707 4045 1755 4097 per

136 4104 241 4168 ἄλλοις·
263 4104 331 4163 νότοι
350 4102 378 4162 δὲ
396 4103 469 4163 κατὰ
491 4105 538 4180 μὲν
559 4103 696 4165 Αἰθιοπίαν
717 4103 777 4163 ούτε
799 4104 921 4162 πνέουσιν
967 4115 1126 4183 AEthiopiam
1139 4129 1225 4182 oeque
1238 4115 1302 4166 liant
1314 4132 1400 4184 neque
1413 4116 1441 4166 in
1455 4115 1534 4167 ullam
1556 4130 1650 4165 venere
1664 4113 1754 4180 cogni.

135 4187 196 4247 οὔτε
209 4191 379 4271 γνωρίζονται
395 4190 426 4249 τὸ
439 4191 556 4264 σύνολον,
574 4191 642 4250 κατθι
655 4193 682 4250 δὲ
696 4192 744 4262 τὴν
762 4195 787 4252 Τ
789 4195 922 4271 ρωγλοδυ·
967 4201 1077 4251 tionem.
1116 4200 1147 4249 in
1160 4197 1345 4270 Troglodytica
1365 4211 1452 4252 tamen
1468 4210 1494 4253 et
1510 4198 1605 4252 Arabia
1625 4198 1754 4254 fervorem

135 4274 211 4346 τικλν
222 4278 267 4335 καλ
278 4277 327 4348 τὴν
337 4277 461 4357 Ἀραόίαν
470 4279 560 4357 θερμοὶ
571 4279 685 4357 γίνονται
695 4279 753 4337 καθ’
765 4278 922 4358 ὓπερθολὴν,
967 4303 1047 4356 supra
1061 4283 1169 4337 modum
1190 4285 1349 4351 intendunt,
1366 4288 1401 4338 ita
1415 4295 1445 4338 ut
1462 4286 1536 4338 silvas
1548 4302 1654 4356 quoquo
1665 4286 1754 4338 inern-

135 4365 205 4422 ὥστε
222 4366 267 4423 καὶ
282 4364 330 4432 τθις
347 4364 412 4432 ύλας
428 4368 554 4446 ἐκπυροῦν
569 4367 615 4424 καὶ
633 4370 685 4424 τῶν
705 4365 922 4445 καταφευγόντων
967 4373 1046 4438 dant,
1065 4385 1091 4426 et
1108 4376 1227 4446 rpuamris
1247 4373 1297 4427 sub
1315 4376 1479 4443 tuguriorum
1492 4373 1614 4426 umbram
1635 4374 1754 4426 homines

91 4477 121 4514 ss
135 4453 173 4516 εἷς
191 4451 237 4519 τθις
257 4457 284 4512 ἐν
305 4458 361 4520 ταῖς
381 4452 600 4521 καλύόαις-σκιθις
618 4453 718 4511 ἐκλύειν
740 4453 773 4510 ed
798 4451 921 4529 ovipara.
969 4463 1108 4531 refugiant,
1124 4474 1181 4516 toto
1193 4473 1279 4516 tamen
1291 4479 1402 4533 corpore
1413 4462 1589 4530 languescant.
1627 4462 1692 4516 Ideo
1706 4462 1752 4514 bo-

135 4539 169 4598 ‘0
185 4540 211 4597 δὲ
225 4543 317 4620 βορέας
331 4542 437 4608 δικαίως
452 4541 482 4600 ἂν
496 4541 599 4620 ἄριστος
612 4542 756 4617 νομίζοιτο,
772 4540 922 4617 διικνούμε-
967 4567 1024 4602 reas
1045 4550 1139 4601 merito
1153 4558 1291 4602 ventorum
1310 4550 1426 4619 optimus
1442 4548 1586 4618 judicetur,
1608 4552 1653 4620 qui
1669 4559 1754 4602 totum

134 4651 177 4692 νος
201 4630 237 4694 είς
258 4628 364 4690 ἅπαντα
385 4630 464 4688 τόπον
485 4633 532 4702 τῆς
551 4629 704 4707 οἰκουμένης
727 4629 773 4687 καί
792 4628 922 4705 διαμίνων
967 4633 1112 4706 pervadens
1129 4635 1223 4688 orbem
1244 4643 1397 4706 perpetuam
1422 4634 1592 4704 refrigerandi
1615 4638 1666 4688 rim
1690 4653 1753 4686 con-

135 4716 245 4793 ψυχρός,
726 4779 729 4782 ,
967 4732 1061 4775 serrat.

171 4937 188 5002 §
200 4941 259 4999 108,
272 4936 291 4990 l.
305 4941 346 4990 18.
367 4937 558 5009 ἐμπθτεως]
577 4938 716 4998 ἀναπότεως
728 4939 766 5001 B,
782 4935 926 5007 ἐματότεως
969 4935 1025 4986 ulto
1036 4932 1126 4986 cneori
1136 4931 1220 4984 Isidis
1232 4931 1336 4992 crinem,
1345 4929 1453 4981 corallio
1463 4929 1584 4992 similem,
1593 4929 1650 4983 sine
1656 4931 1754 4999 foliis,-

133 5016 167 5065 C.
182 5017 193 5082 11
205 5035 266 5086 -γ
277 5018 439 5088 ινομένης]
454 5020 587 5089 γενομένης
598 5020 628 5071 C.
648 5019 658 5086 ΙΙ
670 5048 705 5058 -
722 5035 763 5085 ¹9·
775 5017 883 5087 θαλάττῃ
892 5019 923 5067 Β.
965 5013 1107 5086 prwcisrnn
1123 5024 1223 5064 ιιιιιιιιιο
1244 5009 1326 5062 colore
1340 5011 1367 5062 ιά
1385 5009 1488 5077 nigrum
1506 5009 1636 5062 durescere
1645 5033 1654 5073 ;
1676 5031 1754 5082 perenn

135 5096 177 5145 lle
186 5093 260 5146 olivis
272 5097 327 5146 istis
335 5095 389 5165 jam
401 5097 514 5150 vidimus
525 5115 612 5168 supra.
626 5097 667 5150 Cf.
678 5097 745 5148 Plin.
760 5097 834 5158 XllI,
850 5099 894 5156 [ιι.
911 5097 921 5162 ΙΙ
969 5091 1170 5158 rrrrfrrt,firrrrgri.
1751 5125 1754 5132 .

135 5189 225 5224 -αι,
236 5173 388 5245 μελαίνῃ]
402 5175 526 5246 μελανιίῖ.
538 5179 577 5227 Dc
588 5195 617 5228 re
626 5175 660 5226 cf.
673 5175 772 5227 Plinius
783 5175 858 5237 Xlll,
870 5177 904 5236 fra
916 5189 922 5224 :
1006 5175 1020 5240 §
1041 5177 1100 5234 109,
1115 5171 1132 5223 l.
1146 5171 1187 5222 33.
1212 5170 1349 5240 τοῦτον]
1370 5171 1443 5221 τοῦτο
1458 5170 1489 5222 C.
1503 5171 1543 5221 De
1555 5167 1675 5240 AEtlrinpe
1685 5170 1756 5240 pisca

134 5252 210 5304 lubn
234 5252 319 5303 eradii
334 5257 405 5306 circu
424 5255 637 5324 Trngfndytnrnm
650 5254 752 5307 insufas
756 5253 884 5321 fruticem
897 5253 924 5304 ιἰι
971 5255 1058 5304 inscio
1073 5270 1105 5303 un
1117 5249 1222 5306 aliunde
1236 5258 1346 5302 constet.

251 5356 330 5390 οεουιι
353 5349 373 5390 ι.
1617 5345 1640 5386 ¹³
