3950 5925
117 444 163 521 μ)
632 394 818 495 renierus
841 433 961 493 uinis
984 434 1206 495 curruum.
1670 457 1727 508 ns

117 573 227 649 δρόμους
240 568 266 637 ἓξ
281 569 326 625 καὶ
341 570 397 643 μετ’
411 565 488 624 αὐτὸν
501 563 569 624 rard
582 564 610 622 τὸ
621 564 678 635 ἑξῆς
690 566 714 621 el
726 568 771 635 τῆς
783 564 899 631 Ἀζανίας
944 590 1000 636 sex,
1010 572 1130 625 flectente
1140 591 1187 629 ora
1198 592 1289 626 versus
1300 576 1387 646 ipsum
1395 574 1450 644 jam
1462 576 1591 632 iliricum.
1603 582 1728 652 Sequitur

116 666 221 743 δρόμοι,
240 666 343 743 πρῶτον
368 660 415 738 μὲν
438 664 452 719 ό
466 660 602 736 λεγόμενος
620 658 807 737 Σαραπίωνος,
824 648 870 716 οἶδ’
885 661 898 715 ό
944 648 1019 729 litus
1030 664 1142 729 Pfflussl
1156 658 1182 700 0²
1191 666 1318 732 magnum
1327 651 1357 701 in
1369 650 1433 733 alios
1446 670 1541 705 cursus
1551 672 1613 720 sex,
1626 668 1653 709 et
1668 670 1729 729 post

116 760 245 831 Νίκωνος,
259 756 315 835 μεθ’
331 755 359 814 δν
374 754 489 831 ποταμοί
503 753 619 821 πλείονες
630 754 675 812 καί
691 752 767 811 ἄλλοι
782 760 899 831 συνιχιῑς
942 714 1729 909 ἓἏ-ῙέἕάζίῗὲῗθῂξῖὲῗὴἭζοῖἔθΝὲἓῗὲἑοζίῒᾉξέ

116 856 209 933 όρμοι,
225 852 375 933 διῃρημένοι
387 850 457 911 κατὰ
469 846 600 927 σταθμοὺς
614 849 660 908 καί
672 850 782 930 δρόμους
796 854 866 929 ἡμερ
886 882 898 896 ·
944 857 1018 938 'urii
1039 858 1188 928 complures
1231 861 1314 929 'aeque
1330 862 1439 914 navium
1453 864 1593 929 smum,
1611 865 1732 921 darem

90 951 186 1017 ισίους
201 949 339 1027 (πλείονας
349 946 368 1027 l,
380 945 439 1014 τοὺς
450 944 550 1011 πάντας
564 944 642 1016 ἐπιδ,
657 944 736 1024 μέχρι
748 944 898 1025 Πυραλιίων
942 937 1013 979 '¹¹¹⁰‘
1028 945 1057 979 ⁸⁰
1067 928 1230 1010 δῖὓόῑίίθωω
1244 929 1349 983 dim
1360 931 1583 1005 mionlbtsspc
1596 938 1728 1001 cursibus,

871 1039 878 1061 ,
942 1014 1060 1067 quorum
1079 1016 1107 1049 tn
1126 1016 1230 1052 summa
1249 1010 1311 1053 sunt
1332 1011 1431 1071 septem
1451 1020 1536 1072 usque
1555 1003 1589 1057 sd
1608 1007 1730 1077 Pyralaos
1842 1066 1845 1069 ,

116 1044 201 1116 νόσων
225 1042 271 1103 καί
292 1047 338 1115 τῆς
360 1040 501 1121 dividit<
525 1038 665 1119 δῑώΡΨόθίι
689 1038 734 1119 ἀφ’
752 1031 784 1111 ἧς
806 1062 898 1121 μικροί
944 1066 1231 1139 insulasatquesossam
1240 1068 1729 1148 quamdicunt32beepaullumsupra

116 1138 202 1197 ἐπάνω
215 1144 261 1198 τοῦ
277 1136 429 1214 λιόδςμιτδ
448 1134 493 1195 δύο
510 1134 621 1213 δρόμους
639 1134 818 1215 νυχδημέρους
835 1138 899 1215 παρ’
944 1136 1065 1189 atticum
1085 1149 1146 1209 post
1161 1137 1277 1191 duarum
1298 1138 1405 1193 dierum
1431 1143 1604 1217 noctiumque
1621 1163 1730 1201 cursum

117 1361 178 1414 land
186 1360 218 1413 ol
225 1358 374 1425 Somauli,a
383 1357 474 1430 pcople
484 1356 543 1409 who
554 1355 620 1409 bave
628 1374 709 1409 nerer
718 1366 761 1427 yet
768 1354 833 1408 been
846 1355 899 1409 eol-
943 1356 1044 1427 δρόμοις
1056 1367 1156 1427 septem
1170 1359 1286 1423 Anniae,
1299 1358 1334 1411 de
1346 1360 1443 1431 quibus
1456 1379 1506 1414 nos
1515 1359 1572 1432 jam
1582 1363 1695 1432 egimus.
1714 1367 1726 1435 ΙΙ

75 1450 83 1457 “
117 1440 199 1493 lected
215 1435 301 1492 under
317 1456 368 1491 one
389 1445 570 1507 government,
585 1434 638 1487 and
661 1435 751 1488 whose
771 1434 850 1487 limita
872 1434 903 1488 ot*
941 1464 978 1475 —
989 1452 1017 1489 ο.
1034 1434 1126 1489 εἶδ’ό
1141 1436 1307 1509 Νίκωνος]
1321 1439 1384 1493 ttae
1402 1442 1482 1493 statio
1498 1441 1638 1495 Ptolemaeo
1647 1446 1698 1507 IV,
1713 1463 1729 1514 7

116 1519 262 1589 subjection
281 1536 326 1571 are
348 1516 409 1587 only
427 1516 519 1568 within
540 1514 688 1567 bow-sboot
709 1514 742 1566 ol
754 1511 900 1566 individual
943 1514 1282 1583 νοαιιυτΤονίκη(Τωνίκη
1296 1534 1352 1570 rar.
1364 1516 1445 1589 lect.)
1462 1516 1595 1589 ἐμπόριον,
1609 1519 1683 1592 quod
1696 1540 1731 1575 ne

116 1599 189 1651 clries
201 1640 206 1650 .
225 1624 236 1644 ι
257 1596 331 1649 Idem
344 1614 372 1667 p.
384 1596 435 1647 356
452 1611 458 1647 :
480 1619 491 1639 ι
502 1595 542 1647 Te
554 1604 625 1646 coast
636 1592 668 1646 ol
677 1591 767 1646 Airita
777 1590 845 1645 lrom
856 1592 900 1644 the
943 1602 1036 1645 οοιιιικι
1047 1603 1163 1646 mentem
1176 1593 1309 1647 Ptolemaei
1324 1606 1410 1648 mutes
1428 1596 1456 1648 in
1469 1596 1498 1649 cb
1517 1596 1580 1664 Νίκη
1596 1595 1666 1669 ἐμπ,
1680 1600 1729 1653 im-

116 1678 172 1729 lled
190 1695 233 1729 sca
252 1687 280 1729 tu
300 1676 345 1727 the
359 1674 428 1727 river
446 1672 515 1726 Juba
533 1674 555 1725 is
574 1670 708 1725 inhabited
726 1670 761 1743 by
774 1670 819 1723 the
832 1670 900 1725 tribe
943 1668 1018 1741 pedit
1028 1669 1221 1741 aliusejusdem
1237 1672 1310 1726 locus
1322 1673 1346 1739 1,
1363 1690 1405 1743 17,
1420 1673 1466 1727 ubi
1483 1691 1490 1727 :
1507 1673 1623 1745 ἐμπόριον
1636 1676 1665 1730 ιδ
1681 1697 1727 1729 κα·

115 1755 196 1809 called
203 1753 464 1808 Somauli.Tbearea
475 1751 537 1804 mild
547 1740 639 1822 peopie
648 1748 680 1803 ol
683 1748 796 1821 pastoral
803 1749 898 1815 habits,
943 1746 1065 1818 λοιίμενον
1086 1748 1178 1801 Τονίκι.
1202 1751 1235 1801 In
1252 1750 1356 1821 Periplo
1379 1767 1429 1820 pro
1448 1750 1559 1814 Νίκωνος
1577 1754 1732 1809 Grasbolius

116 1834 168 1886 and
178 1832 300 1885 confined
309 1830 414 1901 intirely
424 1841 452 1882 to
462 1831 505 1883 the
517 1840 604 1893 coast;
615 1829 660 1881 the
669 1827 754 1880 whole
766 1827 848 1880 olthe
859 1829 900 1880 in·
946 1824 994 1896 (in
1010 1826 1121 1880 Ptolem.
1135 1827 1268 1897 Wilbergi
1283 1845 1310 1899 p.
1333 1830 1388 1897 60)
1401 1829 1571 1883 scribendum
1585 1836 1732 1904 suspicatur

117 1915 198 1965 terior
209 1912 287 1979 being
298 1907 425 1981 occupied
437 1907 472 1979 by
486 1924 520 1960 an
532 1905 696 1961 untameable
707 1906 774 1958 tribe
786 1905 817 1957 ol
830 1922 901 1957 sara-
944 1903 1067 1969 Νίκωνος,
1086 1929 1098 1950 ι
1114 1916 1144 1958 ut
1160 1924 1257 1959 nomen
1275 1923 1353 1959 suum
1372 1906 1445 1959 locus
1456 1908 1498 1960 ille
1512 1913 1638 1981 acceperit
1651 1930 1667 1965 a
1679 1914 1731 1965 Ne·

116 2009 160 2057 ges
174 1988 255 2043 called
267 1988 349 2043 Galla.
365 2012 376 2033 ι
391 1988 401 2055 ΙΙ
414 2017 450 2027 -
461 2004 484 2039 ι.
496 1986 524 2039 οἱ
542 1988 597 2051 τῆς
609 1982 756 2046 ’λζανίας
769 1985 899 2055 δρόμοι]
945 1984 1030 2036 chone
1040 2002 1111 2054 rege,
1125 1983 1200 2055 cujus
1213 1986 1341 2039 classisen
1357 2003 1464 2057 quoque
1475 1987 1533 2040 Ιοοα
1545 1990 1660 2059 attigisse
1675 2009 1730 2043 cre-
1827 2026 1831 2035 ·

117 2069 216 2121 Eadem
228 2067 308 2139 hujus
319 2077 416 2119 tractus
430 2064 610 2118 denominatio
623 2066 739 2116 occurrit
749 2063 821 2134 apud
830 2064 900 2115 Mar·
944 2060 1032 2115 denda
1045 2074 1094 2115 est.
1115 2089 1126 2110 ι
1148 2063 1230 2132 Quod
1246 2082 1326 2117 nemo
1339 2063 1497 2128 crediderit;
1519 2084 1605 2137 neque
1618 2067 1686 2121 leret
1698 2087 1731 2121 eo

117 2152 222 2201 cinnum
238 2166 266 2219 p.
281 2164 324 2199 οι.
344 2164 350 2198 :
365 2146 393 2198 τό
406 2144 556 2215 Βαρόαρικδν
570 2143 723 2215 καλούμενον
737 2142 861 2212 πέλαγος,
876 2140 900 2195 ἐν
945 2140 1167 2211 confugiendum,
1181 2144 1203 2195 si
1214 2144 1274 2213 quis
1285 2144 1468 2214 AEgyptiorum
1482 2145 1519 2197 ibi
1529 2164 1596 2217 opus
1612 2165 1731 2217 queren-

118 2224 140 2298 ᾧ
154 2228 242 2280 κόλποι
255 2246 280 2279 τε
296 2225 392 2287 πλείους
410 2224 457 2277 εἶσί
469 2224 510 2276 καί
523 2223 555 2275 oi
569 2224 682 2295 δρόμοι
695 2225 738 2289 τῆς
751 2220 902 2293 καλουμένης
945 2218 1010 2271 όυιιι
1020 2221 1173 2291 opinaretur
1180 2242 1188 2287 ς
1200 2240 1261 2274 nam
1274 2233 1304 2274 ut
1312 2224 1462 2294 Sarapionis
1473 2242 1570 2277 nomen
1582 2225 1609 2275 in
1618 2226 1731 2298 AEgypto

121 2305 234 2367 ’Λζανίας
251 2305 310 2357 Noli
329 2304 408 2373 igitur
427 2312 518 2373 putare
535 2320 584 2373 pro
604 2302 692 2373 δρόμοι
712 2319 755 2372 ap.
775 2303 901 2354 Nostrum
944 2296 1083 2368 frequens,
1096 2302 1220 2367 sicetiam
1229 2302 1343 2353 Nicones
1354 2302 1730 2361 suoshabentPtolemaeorum

117 2386 196 2437 scrib.
212 2404 267 2436 esse
281 2386 363 2455 ὅρμοι.
386 2382 478 2452 Δρόμοι
490 2400 552 2435 voce
570 2392 662 2434 auctor
676 2381 790 2433 breviter
804 2380 902 2434 indicat
945 2386 1113 2448 tempora‚ut
1120 2379 1192 2431 illum
1202 2382 1248 2450 qui
1254 2378 1303 2431 sub
1309 2379 1449 2433 Ptolemaeo
1457 2382 1594 2453 Epiphanc
1601 2385 1675 2449 vixit,
1683 2403 1726 2457 ap.

117 2482 185 2532 quos
207 2462 295 2533 parrllo
320 2472 380 2533 post
396 2460 545 2512 distinctius
568 2458 632 2512 dicit
651 2461 739 2529 όρμους
762 2459 824 2511 κατὰ
846 2460 902 2511 erd-
944 2455 1037 2526 Polyb.
1052 2457 1114 2520 XV,
1131 2458 1240 2527 33,7et
1249 2456 1361 2509 Diodor.
1373 2460 1439 2511 Exc.
1451 2461 1545 2512 Escur.
1558 2461 1586 2513 in
1600 2462 1645 2514 Fr.
1661 2463 1727 2515 Hist.

120 2542 194 2610 Ομοος
203 2540 244 2591 καί
254 2540 357 2610 δρόμους
367 2537 513 2608 ἡμερησίους
521 2537 689 2608 διῃρημένους.
698 2537 901 2590 Primuseorum
945 2543 965 2585 t.
977 2535 1014 2598 11,
1025 2551 1052 2604 p.
1070 2535 1113 2587 30.
1122 2537 1170 2587 ·At
1181 2535 1264 2588 multo
1273 2534 1434 2606 probabilius
1446 2548 1485 2589 est
1494 2537 1543 2590 ista
1551 2539 1731 2608 emporiormn

119 2618 320 2689 Σαραπίωνος
339 2618 396 2685 (sic
419 2614 501 2668 codex
509 2634 517 2679 ;
545 2614 698 2685 Σαραπίωνος
719 2612 817 2683 editt.)
844 2632 900 2665 me·
945 2614 1053 2666 nomina
1062 2632 1094 2666 ex
1107 2612 1236 2683 indigenis
1250 2615 1370 2684 ingrana
1382 2614 1559 2681 essedetorta,
1574 2618 1651 2670 sicuti
1664 2635 1691 2671 ν.
1705 2638 1729 2672 ο.

119 2707 237 2749 moratur
257 2697 335 2749 etiarn
356 2714 398 2767 ap.
419 2694 587 2747 Ptolemaeum
610 2696 659 2759 IV,
680 2712 706 2763 7,
725 2692 771 2745 ubi
794 2708 800 2743 :
823 2692 902 2763 Σαρα-
945 2693 1108 2745 Dioscuridis
1127 2693 1239 2745 insulam
1255 2705 1281 2746 et
1294 2693 1403 2746 Zenoini
1416 2694 1513 2746 insulas
1533 2712 1567 2747 ex
1579 2696 1732 2750 nominibus

120 2778 208 2838 πίωνος
222 2778 297 2847 όρμος
316 2775 367 2829 καὶ
385 2775 494 2846 ἄκρον.
520 2772 562 2827 Ad
577 2775 656 2826 situm
670 2773 720 2826 loci
740 2772 902 2825 constituen-
945 2770 1057 2825 arabicis
1078 2775 1162 2827 Greci
1182 2772 1232 2825 sibi
1249 2772 1420 2827 excuderent.
1441 2774 1509 2826 Nam
1529 2774 1730 2829 Ptolemaeorum

119 2856 183 2908 dum
199 2854 399 2926 progrediamur
410 2872 425 2907 a
436 2852 550 2924 Pyralais
567 2852 667 2916 insulis,
682 2850 829 2922 quaehodie
840 2862 904 2904 sunt
946 2860 1021 2903 aetate
1033 2852 1061 2903 in
1080 2853 1179 2906 Azania
1197 2854 1315 2923 emporia
1329 2850 1435 2906 condita
1450 2870 1506 2904 esse
1518 2852 1586 2906 nihil
1603 2864 1641 2906 est
1658 2854 1731 2926 quod

123 2934 222 2988 Marde
239 2946 266 2988 et
286 2939 384 2989 Ικυιιου
398 2933 498 2987 insulae.
512 2930 615 3001 Quodsi
626 2930 689 2986 binc
701 2940 773 2984 retro
787 2930 903 2984 metiaris
946 2928 1056 2985 suadere
1078 2932 1173 3003 possim
1194 2930 1290 3004 Peripli
1307 2942 1395 2985 autem
1413 2932 1576 3002 temporibus
1593 2943 1619 2986 et
1640 2944 1731 3006 postea

120 3009 901 3087 septiesquingcntastadia,pervenimusadpromontorium,
945 3027 1025 3062 omne
1034 3007 1112 3080 hujus
1121 3010 1235 3080 regionis
1243 3011 1432 3064 commercium
1440 3021 1497 3064 erat
1505 3029 1585 3083 penes
1593 3014 1731 3066 Murenses

120 3094 192 3164 quod
209 3112 291 3146 unum
306 3095 333 3145 in
352 3093 403 3146 boc
413 3103 498 3144 tractu
509 3089 623 3144 notabile
642 3091 688 3158 (1⁰
707 3087 750 3152 δυ’
761 3088 805 3142 Ιοι.
824 3087 902 3161 bor.)
945 3089 1056 3152 Arabes,
1069 3089 1167 3160 quibus
1177 3091 1294 3160 emporia
1309 3091 1358 3143 ista
1376 3089 1552 3144 aSabaeorum
1567 3109 1627 3160 rege
1646 3091 1730 3146 eloca-

120 3174 245 3236 occurrit,
261 3191 313 3224 nou
325 3172 401 3242 longe
411 3189 426 3224 a
438 3171 501 3222 locis
515 3169 621 3234 Mnrlu,
638 3168 722 3242 Tillip
733 3178 760 3222 et
777 3169 900 3240 Horealy:
944 3165 1052 3221 bantur.
1067 3171 1134 3237 Quae
1151 3166 1186 3221 de
1203 3169 1235 3221 iis
1247 3167 1328 3222 tradit
1340 3177 1433 3222 auctor
1451 3179 1550 3233 noster,
1562 3187 1596 3221 ex
1611 3169 1732 3223 Arabicis

121 3251 178 3304 Hoc
187 3251 266 3320 igitur
277 3249 488 3322 promontorium
497 3247 576 3302 suerit
589 3249 745 3319 Sarapionis.
757 3247 859 3315 Quodsi
869 3249 903 3301 ab
945 3249 1137 3301 mercatoribus
1148 3248 1257 3318 accepit.
1270 3250 1360 3318 ltaque
1372 3245 1462 3314 Τονίκη
1474 3247 1513 3300 vel
1523 3246 1606 3299 Τονίιι
1615 3266 1730 3314 nomen,

120 3331 214 3399 Opone
228 3327 363 3382 meridiem
383 3346 472 3380 versus
488 3326 628 3380 duodecim
646 3326 744 3396 δρόμων
762 3326 903 3396 longitudi·
944 3327 984 3380 uti
1004 3327 1085 3396 magis
1100 3338 1139 3380 est
1161 3327 1315 3390 barbarum,
1329 3327 1366 3379 sic
1379 3344 1396 3379 a
1406 3327 1521 3395 genuino
1532 3325 1599 3378 absit
1611 3328 1738 3398 propius.-

121 3426 180 3459 ncm
191 3409 305 3460 metiaris
315 3424 397 3477 usque
409 3406 443 3459 ad
453 3407 595 3459 terminum
605 3410 653 3458 τῶν
663 3403 828 3474 bipalium
838 3423 902 3458 cun·
947 3409 968 3458 ll
980 3406 1122 3475 Serapione
1130 3406 1230 3458 Tonioe
1242 3423 1294 3458 sec.
1309 3404 1378 3459 Ptol.
1390 3403 1492 3458 tabulas
1508 3402 1587 3458 distat
1598 3403 1650 3470 45¹,
1666 3404 1735 3458 adeo

120 3484 180 3536 dem
193 3484 278 3537 iocum
289 3483 397 3537 incides.
408 3484 477 3537 llinc
488 3483 596 3536 boream
606 3497 695 3534 versus
705 3499 776 3534 nunc
786 3482 902 3536 nullaest
946 3493 976 3536 ut
993 3483 1207 3554 componendum
1220 3484 1273 3537 lere
1289 3485 1322 3536 sit
1337 3499 1399 3536 cum
1416 3480 1482 3535 hod.
1506 3485 1583 3536 Turre
1595 3483 1622 3534 in
1636 3501 1731 3554 mappa

121 3563 193 3628 urbs,
207 3563 490 3634 nullusvicus,praeter
503 3559 665 3628 Megalesia
680 3561 903 3615 siveMuldecsha
945 3563 1059 3616 Owenii.
1078 3564 1089 3632 ss
1102 3563 1176 3616 -5,
1190 3561 1357 3634 πλείονας]
1373 3579 1441 3625 vox,
1456 3578 1508 3631 qua
1529 3560 1621 3614 melius
1633 3579 1730 3626 careas,

121 3644 244 3712 (Owen)
258 3643 312 3695 sire
325 3639 478 3708 Megadoro
488 3640 581 3694 urbem
604 3638 821 3708 (201'8''lat.),
845 3658 903 3710 quae
946 3640 1049 3694 emale
1073 3642 1185 3713 repetito
1214 3640 1326 3702 πλείονες
1347 3651 1405 3694 orta
1426 3638 1538 3692 ridetur.
1556 3641 1567 3708 ΙΙ
1582 3669 1620 3680 -
1636 3640 1734 3710 Πορο-

121 3732 213 3774 octavo
222 3719 329 3774 demum
344 3731 402 3792 post
416 3721 480 3774 Chr.
495 3718 590 3772 saeculo
606 3717 640 3771 ab
651 3717 783 3772 Arabibus
797 3719 904 3773 condita
946 3719 1031 3772 λάων
1051 3740 1074 3772 ν.
1093 3721 1145 3772 καί
1161 3723 1214 3786 τῆς
1225 3719 1252 3772 λ.
1273 3720 1446 3792 διώρυγος]
1463 3721 1516 3771 Pro
1529 3717 1571 3770 καί
1587 3722 1632 3785 τῆς
1651 3718 1735 3773 codex

121 3811 168 3853 est·
178 3802 189 3868 (
200 3802 292 3853 Owen.
309 3817 336 3870 p.
354 3800 404 3853 356
414 3799 434 3872 ).
450 3799 567 3853 Εοιιιίειιι
588 3797 755 3851 solitudinem
773 3803 822 3850 τῶν
835 3796 903 3853 ilae-
947 3801 1046 3865 καίνης;
1063 3797 1734 3869 emrabriciusetschwanbeck.1>ymlsaeinsutae‚
1837 3854 1842 3861 ,

121 3880 203 3932 κόπων
211 3890 237 3932 οι
246 3885 294 3932 τῶν
304 3879 428 3950 Αἰγιαλῶν
438 3880 530 3950 priscis
540 3895 645 3948 quoque
655 3876 817 3948 temporibus
827 3876 904 3930 fuisse
947 3881 1053 3932 ιιοιιιιίοἰ
1071 3897 1087 3931 e
1106 3879 1211 3950 Periplo
1231 3891 1321 3933 nostro
1344 3889 1427 3944 notae,
1450 3878 1530 3931 hodie
1551 3889 1614 3932 sunt
1644 3880 1735 3932 insulae

120 3959 251 4030 ePeriplo
266 3968 356 4012 nostro
370 3957 525 4027 colligimus.
537 3960 661 4019 Ceterum
670 3957 824 4009 Ptolemaeus
838 3958 905 4010 inter
947 3957 1050 4011 Munda
1068 3968 1094 4010 et
1113 3963 1223 4020 Iamna,
1245 3975 1304 4028 quae
1324 3957 1393 4010 inter
1413 3974 1569 4026 magnorum
1593 3957 1735 4010 fluviorum
1781 3972 1783 3975 ·

121 4039 248 4106 Aigialum
269 4053 393 4107 magnum
414 4049 439 4090 et
463 4037 612 4108 Serapionis
632 4045 738 4107 portum
762 4037 906 4107 interponit
948 4039 1015 4089 ostia
1025 4038 1090 4102 sitae,
1105 4048 1214 4106 angusto
1229 4048 1327 4101 mmtu,
1340 4030 1419 4107 quem
1433 4036 1541 4107 διώρυγα
1555 4037 1649 4088 Noster
1659 4036 1735 4100 dicit,

121 4118 209 4168 sinum
231 4115 373 4187 quendam,
397 4117 424 4168 in
446 4129 499 4185 qno
521 4117 613 4168 Essina
635 4114 794 4184 emporium,
815 4133 831 4166 a
853 4115 906 4168 stne
948 4134 964 4170 a
977 4119 1128 4169 continente
1136 4128 1163 4168 ct
1176 4134 1192 4169 a
1203 4134 1231 4168 se
1243 4117 1357 4168 invicem
1366 4126 1529 4187 separantur.
1540 4116 1686 4168 Vincentus
1697 4118 1735 4180 11,

123 4193 212 4262 AEgiali
224 4195 387 4262 navigatione
396 4193 499 4246 dierum
507 4203 641 4262 quattuor,
651 4193 820 4262 aSarapionis
827 4204 905 4264 portu
948 4213 976 4266 p.
999 4200 1047 4265 167
1061 4196 1167 4266 proprie
1180 4194 1305 4248 dicendas
1318 4194 1401 4248 luisse
1416 4195 1540 4266 opinatur
1552 4192 1684 4264 Πυραλίας,
1699 4195 1736 4247 is·

122 4274 202 4324 unius
222 4271 274 4324 diei
293 4291 373 4324 cursu
392 4271 522 4324 dissitum.
544 4273 627 4324 Totus
641 4271 684 4323 hic
704 4281 801 4324 tractus
817 4273 905 4324 nescio
949 4273 1193 4344 laiulsostlrefiery
1206 4292 1294 4337 ocean,
1307 4292 1391 4345 quum
1405 4274 1455 4327 sub
1472 4283 1603 4343 equatore
1615 4271 1668 4324 lere
1681 4274 1736 4326 sitae

122 4368 175 4423 qua
185 4349 339 4404 confusione
348 4350 413 4403 male
423 4352 539 4402 intrusus
550 4361 597 4402 est.
608 4349 764 4418 Ennrisque
777 4347 905 4402 indicium
949 4354 1011 4406 sint.
1034 4355 1100 4420 Quae
1113 4351 1147 4405 de
1169 4352 1251 4406 canali
1265 4352 1359 4423 peripli
1380 4353 1527 4404 Vincentus
1547 4350 1635 4416 habet,
1659 4352 1736 4404 sicuti

122 4429 221 4499 praebet
233 4429 422 4497 Agatbemerus
441 4445 468 4499 p.
488 4431 536 4497 371
551 4428 593 4480 ed.
609 4425 721 4490 Hostus„
740 4427 785 4480 ubi
800 4443 806 4479 :
820 4427 868 4494 Τῆς
880 4427 906 4480 δέ
948 4432 998 4484 alia
1009 4431 1090 4484 multa
1099 4430 1215 4502 ejusdem
1230 4433 1280 4484 viri
1290 4430 1481 4502 diligentissimi
1491 4429 1537 4482 sed
1551 4427 1737 4500 δκριτικωτόρου
1758 4427 1761 4432 ’

123 4507 242 4578 δριμείας
252 4507 395 4574 θαλάσσης..
410 4505 457 4560 ἀπὸ
475 4505 573 4558 'betrui
592 4504 708 4576 ἐμπορίου
719 4509 761 4572 ni<
772 4505 906 4577 Βαρόαρίας
949 4510 983 4563 de
993 4509 1121 4564 industria
1129 4512 1233 4564 omitto.
1245 4512 1255 4580 ll
1265 4541 1302 4552 -
1312 4516 1338 4564 6.
1350 4509 1459 4582 μικρόν
1474 4508 1575 4563 ἐπάνω
1586 4527 1609 4562 τ.
1627 4509 1735 4581 λιόδς]

123 4587 138 4651 ἢ
150 4593 198 4638 τῶν
212 4583 324 4639 Ῥαπτῶν
334 4590 376 4653 τῆς
387 4587 561 4657 μητροπόλεως
570 4586 637 4650 κτλ,
648 4584 714 4638 adeo
724 4597 752 4638 ut
762 4587 841 4638 Fsina
850 4585 906 4638 lue·
950 4591 982 4642 ln
989 4589 1203 4644 antecedentibus
1209 4609 1256 4644 ora
1262 4591 1394 4644 maritima
1400 4587 1599 4653 extendebatur,
1606 4598 1637 4641 ιιι
1642 4589 1737 4644 Noster

124 4665 158 4717 rit
172 4663 205 4718 ad
216 4665 320 4718 initium
333 4668 412 4718 maris
426 4667 516 4718 Brevis
530 4667 619 4730 situm,
633 4664 781 4735 emporium
791 4664 906 4736 Rhapto·
951 4669 1058 4740 quidem
1070 4669 1144 4735 dicit,
1158 4671 1215 4741 παρ’
1226 4669 1300 4723 absit
1314 4669 1356 4722 τὀν
1368 4668 1436 4721 iios.
1449 4667 1515 4721 Inde
1528 4678 1642 4721 autema
1656 4669 1735 4739 Pyra.

125 4761 183 4796 rum
204 4745 356 4816 metropolis
374 4744 580 4798 mediterraneae.
594 4746 656 4797 Haec
670 4743 773 4797 admitti
787 4755 905 4814 possunt,
951 4747 999 4802 lais
1012 4750 1103 4801 insulis
1120 4767 1203 4820 usque
1220 4748 1254 4802 ad
1270 4748 1395 4818 angulum
1415 4747 1498 4810 sinus,
1517 4747 1560 4798 cui
1580 4746 1740 4813 Zanguelar

125 4841 178 4894 non
188 4825 250 4878 item
260 4841 319 4894 quae
330 4824 428 4895 prabet
441 4823 604 4878 Ptolemaeus.
619 4821 762 4876 Ponendus
771 4823 850 4892 igitur
861 4825 908 4876 iste
954 4825 1122 4898 (Menutbias
1134 4830 1144 4897 )
1157 4830 1207 4881 ins.
1221 4826 1331 4897 objacet,
1344 4844 1397 4880 orae
1406 4823 1516 4876 directio
1525 4821 1640 4878 deflectit
1647 4842 1739 4878 versus

125 4901 243 4970 quinque
260 4901 366 4955 dierum
379 4904 452 4954 sinus
471 4903 507 4954 ita
525 4911 591 4964 erat,
611 4912 641 4954 ut
652 4903 680 4953 in
694 4902 827 4972 llbaptum
845 4919 908 4972 pre·
954 4906 1102 4958 meridiem.
1127 4908 1202 4959 Hanc
1227 4907 1309 4974 igitur
1329 4905 1502 4957 mutationem
1523 4913 1616 4956 auctor
1639 4901 1739 4958 indicat

127 4982 289 5033 montorium
304 4981 444 5034 desineret.
463 4984 525 5050 Quo
546 4980 615 5034 lacto
628 4979 784 5033 Ptolemaeus
801 4998 816 5033 a
836 4981 909 5034 Sara·
953 4984 1040 5036 verbis
1055 4983 1140 5055 μικρόν
1156 4983 1237 5036 ἐπάνω
1257 4987 1301 5036 τοῦ
1314 4982 1393 5047 λιόδς,
1407 4983 1426 5037 i.
1441 5001 1466 5034 e.
1481 4999 1529 5034 ora
1541 4999 1557 5035 a
1568 4981 1621 5036 libe
1637 4981 1738 5052 paullu-

125 5057 246 5128 pionead
255 5061 386 5131 Rhaptum
403 5072 493 5115 nactus
504 5074 570 5114 esset
584 5059 705 5114 undecim
720 5058 824 5112 dierum
836 5061 909 5112 navi·
954 5065 1009 5116 lum
1025 5081 1114 5115 versus
1128 5073 1220 5115 notum
1234 5061 1397 5113 dessectente.
1413 5063 1535 5113 Ceterum
1549 5059 1629 5114 rerba
1642 5061 1738 5131 Peripli

126 5138 267 5206 gationcm,
278 5159 336 5210 quae
347 5139 381 5194 ad
392 5141 516 5194 tredecim
526 5140 582 5193 dies
591 5143 618 5192 in
628 5139 731 5210 Periplo
744 5150 909 5210 corriputatos
954 5143 1067 5194 insolens
1078 5140 1203 5212 quiddam
1216 5139 1324 5203 linirent,
1335 5149 1363 5190 ut
1373 5140 1421 5191 nisi
1433 5135 1538 5191 aliunde
1548 5137 1639 5208 adjuto
1647 5155 1738 5192 sensus

128 5233 211 5286 prope
231 5217 392 5272 accederent.
407 5221 459 5286 Qui
481 5238 553 5272 nunc
573 5229 635 5272 sunt
651 5218 721 5290 apud
740 5218 908 5272 Ptolemaeum
954 5239 1008 5273 non
1022 5229 1119 5291 pateat.
1132 5220 1187 5272 Nec
1201 5218 1345 5288 refragarer
1357 5219 1378 5269 si
1391 5227 1537 5270 truncatam
1552 5217 1665 5270 auctoris
1676 5233 1738 5269 ora·

126 5294 183 5347 dies
203 5313 247 5348 sex
264 5297 429 5369 eScrnpione
443 5296 476 5351 ad
488 5298 630 5370 Rhemum,
651 5309 706 5351 tum
722 5297 910 5365 responderent
955 5300 1052 5352 tionem
1066 5309 1181 5370 putares.
1196 5299 1325 5351 Disertius
1336 5295 1443 5349 elisisset
1456 5295 1542 5368 ptprr
1557 5293 1597 5349 ἐπὶ
1606 5296 1676 5350 νότον
1688 5293 1737 5348 ἀπὸ
