3950 5925
246 418 265 473 s
769 409 966 469 rennuens
988 392 1341 471 cxnrnxomtmsts
1795 409 1863 485 (ιη

244 540 355 617 νομάδες
377 541 508 620 ἄνθρωποι
520 538 622 608 delirat
638 537 785 618 βοσκήματ’
800 532 902 617 ἶνεμσι,
914 540 978 619 παρ’
992 530 1029 607 οἷς
1075 549 1168 602 Lixitre'
1185 567 1281 620 pecora
1298 548 1454 621 pascebant;
1473 548 1544 621 apud
1562 566 1629 621 quos
1650 550 1796 602 mansimus
1816 550 1865 603 ali·

245 629 384 706 ἐμείναμεν
402 630 467 709 ἄχρι
480 628 564 703 τινὸς,
576 628 646 707 φίλοι
663 627 807 705 γινόμενοι.
1073 636 1210 707 qimandin,
1225 655 1308 708 quum
1319 640 1396 691 amici
1408 656 1532 692 essemus.

283 736 307 779 7.
329 716 437 779 Τούτων
459 715 659 795 δὲκαθθπερθιν
680 715 807 782 Αἰθίοπες
827 712 1027 796 ᾤκουνᾶξῑνοῑ,
1110 741 1136 795 7.
1156 728 1241 797 Supra
1266 726 1315 779 bos
1338 726 1492 780 babitabant
1514 727 1649 797 AEtbiopes
1673 726 1860 797 inhospitales,

246 811 296 883 γῆν
311 806 448 883 νεμόμενοι
462 804 590 884 θηριώδη,
603 803 792 880 διειλημμένην
803 802 874 883 ὄρεσι
887 804 1027 880 μεγάλοις,
1074 822 1170 865 terram
1180 812 1293 865 colentes
1305 811 1367 865 seris
1375 811 1509 877 refertam,
1524 813 1659 866 montibus
1671 814 1773 883 magnis
1782 814 1864 867 inter·

244 894 272 964 ἐξ
283 888 320 955 ὧν
336 898 389 975 ῥεῖν
406 916 470 974 paor
482 894 527 951 τὸν
548 892 645 970 Λίξον,
665 892 727 971 περὶ
741 892 768 951 ll
782 891 816 951 sl
830 891 877 971 ὄρη
896 892 1027 950 κατοικεῖν
1073 910 1192 970 ceptam,
1209 900 1329 970 equibus
1338 901 1434 953 Lixum
1449 901 1530 953 lluere
1541 894 1644 965 dicunt,
1657 901 1727 953 cirea
1736 911 1862 953 moutam

244 980 394 1064 ἀνθρώπους
408 980 632 1061 ἀλλοιομόρροος,
645 977 844 1060 Τρωγλοδύτας·
857 978 901 1046 οθς
914 978 1028 1058 ταχυτί-
1073 998 1161 1040 autem
1174 987 1292 1041 babitare
1304 988 1424 1041 homines
1438 988 1529 1042 formae
1546 985 1664 1054 diverse,
1675 988 1861 1061 Troglodytas,

244 1095 306 1151 ρους
313 1069 402 1129 lanan
416 1073 442 1128 ἐν
457 1066 561 1148 δρθμοις
575 1070 686 1149 ἔφραζον
698 1070 721 1127 el
734 1067 846 1136 Λιξῖται.
1073 1091 1139 1144 quos
1152 1074 1226 1145 equis
1240 1090 1295 1127 esse
1308 1092 1388 1127 cursu
1402 1074 1543 1129 velociores
1557 1076 1649 1128 Lixitae
1663 1074 1815 1129 narrabant.

281 1182 304 1220 a.
326 1158 460 1226 Λαθόντες
471 1158 498 1217 δὲ
508 1155 572 1238 παρ’
585 1161 671 1216 αὐτῶν
685 1157 830 1235 ἑρμηνέας,
843 1155 1027 1235 παρεπλίομεν
1109 1164 1135 1216 8.
1156 1165 1275 1234 Acceptis
1295 1164 1481 1235 interpretibus
1501 1164 1634 1229 aLixitis,
1652 1158 1785 1217 desertum
1799 1164 1862 1233 legi·

241 1246 288 1322 τὴν
307 1247 410 1327 ἐρήμην
426 1247 491 1326 πρδς
511 1242 680 1326 μεσημθρίαν
701 1245 747 1305 tte
760 1246 870 1324 ἡμίροις·
889 1247 986 1303 ἐκεῖθεν
999 1243 1026 1301 δὲ
1073 1268 1133 1303 nius
1150 1250 1287 1304 meridiem
1307 1270 1396 1305 versus
1407 1272 1454 1325 per
1463 1252 1519 1306 dies
1528 1252 1583 1306 duo
1599 1250 1785 1326 (duodecim),
1798 1252 1863 1305 binc

240 1444 390 1498 reseruntur
399 1440 540 1513 aptissime.
552 1435 652 1494 Eodem
662 1438 793 1493 adducere
804 1436 863 1493 lieet
872 1433 1027 1493 Pausaniam
1071 1436 1204 1507 proiectus
1214 1432 1309 1490 Hanno
1322 1436 1366 1503 τὴν
1379 1438 1483 1510 ἐρήμην,
1498 1442 1516 1493 i.
1528 1458 1551 1493 e.
1564 1440 1725 1493 notissimam
1733 1440 1861 1493 &alteram

240 1525 287 1595 qui
301 1522 401 1577 Lixitas
417 1519 512 1574 Διθθων
524 1521 580 1582 robe
593 1520 712 1590 ἐσχάτους
720 1519 795 1583 dicit,
806 1520 829 1583 I,
844 1520 888 1583 33,
905 1518 920 1571 5
936 1535 942 1570 :
956 1518 1027 1569 tttat-
1071 1516 1250 1581 solitudinem,
1263 1518 1632 1588 prseternavigavitmeridiem
1646 1534 1750 1583 versus3
1763 1517 1862 1573 deinde

239 1618 290 1673 ροις
302 1606 460 1672 προσοικοῦσι
477 1600 589 1662 Αἰθίοπες
605 1598 665 1671 ἄχρι
684 1598 846 1669 Νασαμώνων
867 1597 1025 1667 παρήκοντες.
1071 1597 1199 1649 οιίειιῑειιι
1210 1612 1299 1649 versus
1313 1608 1406 1651 teneus
1420 1600 1447 1651 in
1460 1600 1548 1651 sinum
1562 1598 1677 1661 intrarit,
1693 1595 1768 1668 cujus
1781 1600 1809 1650 in
1822 1601 1861 1651 in·

239 1682 391 1753 Νασαμῶνες
409 1680 468 1752 γὰρ,
489 1679 530 1743 οθς
550 1680 682 1741 Ἄτλαντας
705 1677 847 1749 ἸΙρθδοτση
865 1678 889 1730 ol
907 1676 934 1730 δὲ
952 1679 1028 1748 μέτρα
1072 1676 1136 1727 tima
1148 1686 1221 1745 parte
1237 1677 1353 1729 sitaerat
1365 1678 1450 1730 Cerne
1464 1678 1557 1731 insula.
1577 1680 1636 1731 lam
1652 1679 1674 1729 si
1691 1678 1718 1729 in
1736 1696 1860 1749 mappam

239 1762 343 1832 φάμενοι
355 1764 401 1832 γῆς
415 1760 512 1823 εἰδέναι,
528 1757 622 1821 Λιξίτας
635 1758 749 1822 καλοῦσι,
765 1758 859 1810 biblos
876 1757 900 1809 oi
913 1755 1025 1826 ἔσχατοι,
1072 1754 1161 1806 oeulos
1173 1752 1323 1824 conjeceris,
1334 1766 1405 1826 patet
1416 1758 1607 1826 navigationem
1620 1756 1757 1809 meridiem
1770 1776 1860 1810 versus

238 1841 298 1911 πρὸς
312 1840 425 1895 Ἄτλαντι
434 1838 538 1903 οἰκοῦσι,
552 1836 689 1908 πείροντες
702 1837 745 1907 μὲν
758 1837 837 1903 οὐδὲν,
851 1835 899 1889 ἀπὸ
911 1835 937 1888 δὲ
949 1835 1027 1906 ἀμπέ-
1071 1835 1227 1904 pertinuisse
1236 1834 1357 1906 usquead
1364 1838 1577 1907 promontorium
1585 1836 1693 1901 Album,
1702 1854 1754 1909 cap
1762 1838 1860 1901 Biana,-

238 1915 291 1973 λων
307 1922 396 1981 ζῶντες
407 1918 509 1989 ἀγρίων.
522 1917 646 1971 Similiter
659 1914 803 1987 AEtbiopes,
820 1930 887 1985 quos
896 1924 923 1967 et
931 1913 1028 1967 Hanno
1071 1930 1133 1965 nam
1144 1912 1180 1963 ibi
1195 1912 1303 1967 demum
1320 1933 1366 1967 ora
1377 1933 1467 1969 versus
1477 1926 1566 1969 ortum
1588 1916 1703 1969 flectitur
1721 1934 1860 1985 magnum·

238 2009 266 2051 et
278 1998 370 2069 Scylax
386 1999 534 2050 Lixitarum
547 1994 649 2065 regioni
670 1996 771 2047 ricinos
789 2004 903 2065 ponem,
919 1994 1026 2045 nonnisi
1071 2008 1123 2061 que
1137 1990 1218 2044 efficit
1234 1992 1321 2045 sinum
1332 1993 1407 2064 eujus
1419 1995 1546 2048 terminus
1559 1994 1738 2047 meridionalis
1750 2007 1790 2048 est
1798 2014 1860 2067 pro·

237 2076 266 2129 io
276 2077 400 2130 extremis
409 2076 499 2147 Libyca
509 2076 628 2147 partibus
638 2093 682 2145 ap.
695 2084 758 2127 rett.
770 2083 960 2125 memorantur.
975 2074 1028 2125 De·
1072 2072 1234 2123 montorium
1253 2072 1347 2128 Miril:
1368 2072 1544 2127 Praetenditur
1555 2076 1624 2127 sinui
1637 2092 1775 2127 arenarum
1789 2094 1860 2146 quae·

236 2158 318 2228 nique
337 2158 431 2210 Lixitae
451 2166 550 2209 norunt
569 2154 685 2223 linguam
705 2152 865 2224 populorum
884 2154 931 2222 qui
954 2163 1027 2205 trans
1071 2148 1133 2203 dam
1144 2152 1218 2220 quasi
1240 2153 1326 2217 trenia,
1346 2168 1405 2223 quse.
1418 2155 1497 2206 maris
1509 2155 1637 2225 impetum
1652 2153 1757 2224 frangit,
1773 2174 1859 2227 neque

237 2236 373 2289 desertum
392 2235 523 2299 habitant,
540 2252 572 2287 ex
595 2235 679 2303 iisque
701 2234 856 2302 interpretes
876 2232 1026 2284 Haunoas·
1072 2240 1159 2283 umen
1183 2232 1321 2285 introitum
1343 2236 1429 2287 nautis
1455 2234 1618 2289 intercludit.
1636 2238 1667 2289 ln
1686 2237 1759 2289 sinus
1779 2238 1859 2309 hujus

238 2315 359 2385 sumpsit.
377 2318 439 2381 Quo
457 2311 520 2366 item
536 2306 633 2365 deserti
642 2311 736 2364 accole
750 2309 912 2375 indicantur,
929 2310 1027 2380 quibus
1071 2320 1145 2380 parte
1157 2310 1275 2363 interiori
1285 2322 1361 2365 terrae
1374 2314 1519 2366 matinenti
1534 2315 1654 2384 proxime
1665 2313 1766 2384 adjacet
1777 2334 1859 2387 parra

237 2412 300 2446 cum
315 2395 356 2457 iis,
373 2393 418 2463 qui
437 2392 471 2445 ab
493 2390 573 2444 altera
590 2386 740 2443 solitudinis
759 2400 833 2460 parte
849 2398 935 2453 erant,
954 2406 1027 2442 oom-
1071 2390 1165 2454 insula,
1177 2408 1249 2443 nunc
1262 2391 1435 2459 lied'Arguio
1447 2390 1527 2458 dieta,
1540 2408 1608 2464 qttre,
1622 2410 1704 2465 quum
1717 2398 1859 2465 Portugalli

238 2474 337 2524 mercia
355 2467 561 2534 intercedebant,
575 2468 683 2522 sortasse
699 2469 778 2523 etiam
800 2470 933 2537 cognatim
955 2478 1027 2522 certe
1071 2467 1117 2520 bas
1127 2470 1246 2538 regiones
1257 2468 1330 2523 adire
1341 2473 1489 2542 erupissent,
1505 2473 1540 2525 ob
1552 2473 1618 2526 situs
1634 2477 1859 2545 opportunitatem

165 2561 169 2569 “
239 2552 337 2602 mirum
353 2560 392 2601 est
409 2549 549 2602 Pharusios
562 2546 633 2619 apud
649 2548 817 2602 Ptolemaeum
830 2548 867 2599 cis
880 2546 1024 2613 desertum,
1070 2546 1145 2599 sedes
1163 2558 1190 2599 et
1212 2550 1286 2618 quasi
1309 2568 1356 2601 arx
1377 2554 1597 2605 commerciorum
1615 2554 1697 2605 evasit
1718 2572 1776 2624 quse
1797 2574 1859 2609 cum

238 2626 308 2699 apud
321 2626 458 2698 Polybium
473 2626 520 2697 (in
532 2626 600 2679 Plin.
615 2628 650 2679 H.
661 2624 695 2680 N.
706 2628 742 2692 V,
760 2644 770 2678 τ
784 2626 793 2698 )
808 2637 880 2679 tram
892 2624 1025 2681 desertum
1070 2622 1159 2677 ,θιιιίαιι
1166 2627 1280 2695 regionis
1288 2628 1392 2699 populis
1404 2630 1569 2682 exercebant.
1578 2631 1653 2683 Hane
1666 2632 1745 2700 igitur
1754 2636 1859 2700 Arantia

238 2706 370 2759 collocari.
389 2707 452 2758 Hae
467 2706 547 2774 igitur
560 2704 664 2757 deloco
673 2721 728 2775 quo
746 2706 828 2758 Lixus
839 2704 979 2774 ponendus
993 2707 1028 2759 sit
1072 2704 1183 2757 insulam
1204 2706 1308 2759 Cernen
1319 2724 1374 2759 esse
1388 2709 1542 2773 Poenorum,
1561 2724 1640 2778 quam
1652 2711 1730 2780 prisci
1743 2715 1859 2767 nominis

237 2785 378 2838 sufficiant.
394 2783 545 2837 llodierous
565 2788 643 2837 Noun
664 2785 691 2837 ll.
712 2783 784 2854 apud
798 2784 968 2837 Ptolemreum
981 2803 1027 2838 vo·
1070 2784 1240 2854 corruptione
1255 2783 1384 2853 indigenae
1398 2784 1477 2855 hujus
1493 2796 1591 2839 tractus
1607 2788 1677 2839 Gttr
1690 2802 1792 2855 vocant,
1808 2804 1859 2845 sta·

237 2875 313 2916 eatur
332 2863 420 2916 Νιιὶιισ
434 2863 474 2915 vel
488 2863 605 2924 Νιιιιιίιε,
628 2878 709 2932 quem
729 2861 853 2933 deinceps
873 2865 992 2933 sequitur
1011 2883 1026 2917 a
1070 2872 1178 2915 tuerent
1188 2864 1340 2934 quicunque
1349 2883 1381 2916 ex
1396 2866 1453 2935 ipso
1467 2876 1559 2919 nostro
1570 2867 1688 2938 Periplo,
1703 2888 1755 2922 non
1770 2890 1860 2927 reme

236 2942 347 2996 meridie
358 2943 482 2997 Solocntii
494 2941 669 3014 promontorii
681 2940 690 3013 ί
703 2944 756 3014 Orp
768 2941 901 3014 Bajndor)
914 2941 940 2996 in
954 2963 1027 2999 mare
1069 2942 1156 2996 Plinio
1165 2953 1191 2996 et
1203 2942 1353 3010 Ptolemaeo,
1365 2945 1556 3015 navigationem
1570 2946 1707 3000 Hannonis
1726 2950 1859 3021 explican-

236 3025 326 3076 axiens
335 3025 420 3076 Massa
432 3023 544 3086 fluvius,
559 3039 638 3091 quem
652 3021 793 3090 Portugalli
806 3033 901 3074 vocant
915 3023 1026 3077 lluvium
1070 3018 1131 3074 darn
1141 3041 1195 3074 esse
1206 3033 1373 3088 censuerunt,
1386 3025 1424 3076 uti
1440 3025 1564 3077 llamusio
1577 3026 1586 3096 (
1599 3029 1734 3090 Hannone,
1748 3032 1860 3096 nereen-

237 3101 337 3156 Album
357 3101 404 3174 (r.
417 3104 549 3156 Manoert.
564 3101 600 3166 Χ,
615 3119 642 3167 a,
666 3119 693 3173 p.
719 3101 769 3154 528
782 3102 802 3172 ).
827 3100 901 3154 Idem
916 3101 1027 3173 Polybio
1070 3101 1191 3154 tionede'
1211 3102 1373 3169 Orrtngincse'
1401 3104 1427 3156 in
1444 3106 1564 3157 linccolte
1583 3105 1647 3158 delle
1664 3108 1860 3174 nnoqrarionte

236 3179 255 3235 l.
271 3183 289 3235 l.
305 3183 403 3236 dicitur
414 3185 546 3237 Maeotae.
562 3184 701 3235 Proximus
716 3197 778 3234 vero
791 3200 806 3234 a
819 3182 931 3236 Masatat
944 3183 1026 3237 llario
1070 3181 1171 3248 οιαςμςὶ,
1184 3183 1280 3233 Venet.
1299 3181 1376 3234 1588.
1390 3192 1411 3234 t.
1426 3184 1449 3246 1,
1467 3201 1494 3235 n.
1510 3183 1562 3255 3),
1579 3185 1724 3238 Daorillius
1744 3187 1857 3258 (θέομεν.

236 3257 345 3316 boream
358 3281 448 3316 sersus
463 3261 587 3333 Polybius
598 3271 728 3314 memorat
750 3263 896 3324 Ouscnum,
918 3263 965 3332 qui
985 3282 1027 3316 re·
1069 3278 1129 3312 nne.
1147 3270 1167 3312 t.
1183 3261 1233 3325 ΠΙ,
1254 3278 1282 3331 p.
1297 3263 1345 3314 118
1357 3261 1377 3331 )‚
1396 3262 1538 3315 Rennelius
1554 3263 1664 3335 (Gcogr.
1684 3277 1749 3336 syst.
1766 3269 1859 3336 ofIIr·

236 3341 367 3412 spondere
393 3341 472 3395 debet
493 3352 540 3394 aut
562 3342 634 3394 Nuio
656 3339 804 3404 Ptolemaei,
829 3352 874 3394 aut
896 3341 1027 3397 hodierno
1070 3333 1153 3390 mdol·
1170 3358 1196 3410 P·
1212 3357 1262 3408 7¹9
1275 3357 1333 3409 sqq.
1344 3339 1364 3412 )‚
1380 3340 1496 3394 Ulterius
1511 3341 1622 3414 (Gcogr.
1638 3341 1665 3396 d.
1681 3349 1729 3398 Gr.
1743 3365 1769 3399 n.
1786 3353 1818 3400 It.
1834 3353 1857 3415 l,

236 3425 322 3475 Dran.
345 3419 415 3474 Illud
431 3419 608 3492 probabilius,
628 3419 650 3472 si
669 3430 739 3472 reete
758 3419 846 3483 babet,
861 3419 935 3490 qood
954 3421 1025 3493 apud
1069 3433 1096 3486 p.
1113 3419 1146 3469 65
1159 3418 1178 3488 ),
1193 3420 1340 3471 Moversius
1356 3419 1489 3490 (Pitonia.
1514 3421 1630 3474 Altertll.
1652 3422 1687 3487 ΙΙ,
1713 3442 1739 3494 p.
1767 3427 1857 3500 529),

235 3503 398 3556 Movenium
424 3501 498 3572 lego,
524 3500 685 3554 hodiernum
711 3503 790 3554 Jt‘onn
815 3502 895 3554 etiam
926 3505 1027 3555 Anam
1069 3496 1122 3548 alii.
1144 3496 1203 3549 Huc
1222 3497 1323 3550 accedit
1336 3497 1408 3567 quod
1427 3501 1506 3552 etiam
1523 3503 1657 3571 sequemm
1673 3513 1729 3555 tum
1749 3503 1857 3560 demum

237 3584 335 3634 vocari,
628 3611 636 3618 -
1069 3585 1139 3628 recte
1150 3577 1298 3647 computari
1311 3587 1432 3648 possunt,
1446 3579 1467 3630 si
1479 3578 1512 3631 ab
1526 3579 1607 3632 hoece
1623 3583 1736 3634 termino
1751 3601 1859 3654 progre-

272 3664 327 3730 57.
341 3659 516 3719 Αἰθίοπες...
532 3657 636 3719 ἄξενοι
647 3660 657 3725 ]
670 3658 761 3728 Scylax
776 3657 793 3710 l.
805 3658 824 3711 l.
843 3675 849 3710 :
865 3658 926 3729 Περὶ
937 3664 1024 3713 τοῦτον
1069 3651 1158 3708 (liaris.
1180 3656 1307 3708 Dubitare
1328 3667 1416 3709 tamen
1430 3656 1505 3710 liceat
1520 3676 1554 3710 an
1574 3677 1627 3712 non
1647 3662 1736 3730 potius
1752 3663 1785 3716 de
1804 3683 1856 3718 uria

235 3739 280 3792 τδν
291 3739 402 3810 ποταμδν
414 3737 474 3809 (τδν
483 3736 555 3798 lilios
566 3737 575 3809 )
588 3742 751 3807 περιοικοῦσιν
761 3736 871 3799 Αἰθίοπες
880 3738 950 3808 ἱεροί,
965 3739 976 3807 u
989 3771 1026 3782 -
1069 3734 1180 3788 alterave
1190 3735 1332 3788 insularum
1343 3738 1543 3807 perexiguarum
1556 3739 1724 3808 cogitandum
1737 3745 1780 3808 sit,
1798 3763 1858 3816 quae

237 3812 698 3887 dllotapdpqoue]'l‘roglodytas
717 3817 781 3868 istos
794 3817 947 3870 Gesselinus
970 3838 1025 3873 non
1069 3812 1162 3865 mediae
1172 3816 1240 3866 inter
1249 3814 1354 3881 Argeia
1370 3825 1396 3866 et
1405 3815 1584 3869 continentem
1597 3819 1653 3870 sitae
1666 3830 1741 3884 sunt;
1757 3839 1818 3874 nam
1830 3825 1857 3876 in

235 3893 358 3950 homines
384 3895 473 3966 quales
496 3895 566 3948 Mela
595 3896 618 3960 l,
647 3898 674 3960 θ,
701 3891 853 3948 Herodotus
882 3897 931 3962 lv,
963 3901 1023 3965 183,
1069 3891 1115 3944 itas
1131 3891 1273 3963 quadraret
1282 3893 1356 3965 quod
1374 3892 1408 3946 de
1416 3892 1529 3966 quinque
1542 3894 1688 3950 stadiorum
1705 3899 1807 3954 ambitu
1822 3903 1857 3956 le·

236 3975 372 4028 Diodorus
397 3976 447 4038 111,
472 3975 499 4038 8,
526 3977 571 4038 Ιι,
602 3974 644 4026 alii
672 3973 837 4040 describunt,
867 3974 913 4028 sed
935 3978 1025 4031 simias
1069 3973 1274 4038 quamverum,
1290 3973 1316 4024 ni
1338 3972 1421 4038 tattor,
1437 3973 1586 4044 pros'eum
1597 3977 1857 4034 bochartoscribcn·

238 4053 485 4126 (omngemnngs)
496 4053 580 4124 fingit,
593 4057 603 4124 ΙΙ
613 4055 1022 4125 -ςαχυτέρουςῖππωηριῖ
1068 4047 1132 4102 ‹lum
1151 4061 1190 4103 est
1205 4051 1242 4103 ιε’.
1263 4050 1295 4103 ld
1307 4053 1377 4105 enim
1398 4054 1525 4123 reperisse
1543 4053 1647 4108 videtur
1659 4058 1796 4112 Cornelius
1812 4080 1854 4132 ap.

236 4135 340 4188 Solinus
353 4133 446 4203 Polyb.
467 4151 491 4185 c.
511 4150 546 4202 70
565 4150 571 4184 :
591 4131 753 4203 Troglodytae
769 4145 846 4186 tanta
865 4134 1026 4204 perrricitate
1069 4129 1136 4182 I'lin.
1151 4132 1200 4195 Vl,
1213 4131 1257 4194 35,
1273 4133 1318 4201 qui
1331 4133 1434 4184 Cernen
1446 4133 1556 4186 insulam
1567 4131 1632 4187 dicit
1641 4153 1691 4188 noa
1704 4139 1857 4209 nnrpliorrtn

231 4214 343 4286 pollent,
357 4211 471 4281 etseras
490 4230 556 4284 qnos
573 4211 716 4278 sagittant,
738 4211 792 4283 ipsi
806 4212 926 4265 crtrst'bur
937 4233 1025 4286 perse.
1068 4209 1181 4262 circuitu
1194 4209 1295 4262 (litoius
1307 4209 1435 4263 miltites.
1454 4214 1614 4283 Quanquam
1626 4214 1670 4267 hie
1683 4231 1790 4287 quoque
1809 4237 1857 4272 nu-

235 4305 361 4364 qnnntur.
379 4291 508 4344 llerodot.
522 4293 570 4354 tv,
591 4292 640 4344 183
655 4307 662 4343 ι
678 4291 709 4342 Oi
724 4290 773 4360 γὰρ
792 4291 967 4361 Τρωγλοδύται
982 4292 1025 4345 Αἰ.
1069 4305 1157 4340 merus
1167 4287 1240 4358 justo
1259 4289 1347 4342 minor
1358 4299 1407 4342 est.
1419 4292 1442 4342 Α
1454 4292 1606 4344 continente
1618 4293 1701 4346 insula
1718 4295 1790 4349 abest
1807 4309 1858 4352 sta·

237 4373 318 4433 bloet,
336 4372 412 4432 πόδας
427 4372 540 4440 τάχιστοι
556 4369 692 4440 ἀνθρώπιον
710 4371 808 4422 πάντων
828 4369 873 4423 elei
894 4372 949 4425 κτλ.
970 4375 1025 4426 Leo
1069 4366 1119 4420 diis
1137 4379 1207 4432 octo,
1224 4378 1253 4420 ut
1270 4367 1406 4438 eP0lybio
1419 4378 1445 4420 et
1459 4370 1582 4422 Cornelio
1596 4371 1675 4425 refert
1689 4373 1789 4428 Plinius
1804 4377 1821 4428 l.
1838 4378 1875 4430 l.‘

236 4451 377 4506 Africanus
393 4469 421 4522 p.
444 4449 811 4504 13dcllucbeisnomadis:
838 4476 849 4496 ι
868 4457 933 4506 Sunt
946 4471 1025 4507 curm
1069 4449 1196 4501 Preterea
1219 4447 1339 4518 Periplus
1360 4457 1448 4500 noster
1469 4449 1497 4500 in
1519 4449 1702 4508 distantiarum
1722 4458 1858 4510 nmatione

236 4531 405 4593 aelorixsimi,
426 4530 491 4583 adeo
505 4542 535 4582 ut
558 4530 742 4602 turpissimum
762 4529 818 4583 tttts
840 4531 977 4595 labeone,
999 4534 1025 4586 si
1071 4525 1194 4580 mendam
1207 4529 1297 4580 traxit.
1317 4529 1388 4580 Bene
1400 4527 1479 4580 hebet
1489 4528 1562 4599 quod
1574 4547 1589 4582 a
1603 4549 1653 4602 cop
1673 4531 1754 4584 Blrtrtc
1774 4553 1858 4605 usque

236 4607 298 4680 quis
307 4607 387 4679 pedes
399 4626 418 4659 a
433 4606 534 4661 duobus
546 4607 678 4679 equitibus
688 4619 834 4679 asperetur.
849 4612 938 4679 Neque
957 4609 1026 4662 inter
1068 4607 1102 4658 ad
1120 4607 1224 4674 Argum
1238 4603 1328 4678 ἡμέρας
1339 4607 1429 4677 δρόμος
1445 4625 1501 4660 esse
1513 4606 1611 4662 dicitur
1625 4611 1712 4680 (lineri
1728 4616 1798 4666 reetri
1815 4617 1856 4667 xix

236 4686 284 4740 Ιιοσ
296 4684 346 4739 ote
363 4704 516 4758 quemqnam
532 4686 657 4758 reperias,
673 4686 722 4757 qui
733 4703 783 4738 non
794 4705 873 4740 cursu
885 4689 1025 4759 quotalibet
1069 4687 1122 4748 loo
1135 4681 1288 4738 suotstadia
1299 4685 1324 4756 );
1339 4696 1365 4737 at
1383 4685 1476 4738 laisum
1494 4687 1616 4758 estquod
1631 4707 1646 4741 a
1662 4689 1730 4742 Lixo
1748 4690 1782 4742 ad
1805 4711 1857 4764 τεῳ

236 4765 318 4818 etiarn
325 4783 417 4836 eqnnnr
426 4776 552 4835 qnantum
557 4764 597 4818 uis
605 4763 715 4818 velocem
722 4776 879 4828 anterertnt,
889 4766 928 4819 sit
933 4785 1025 4837 quoni·
1069 4765 1151 4818 Blnnc
1163 4775 1315 4818 numeratur
1324 4763 1446 4818 biduum.
1465 4768 1523 4820 Hoc
1535 4768 1561 4819 in
1573 4786 1649 4820 raum
1658 4779 1712 4822 erat
1723 4787 1772 4822 eur
1788 4773 1857 4824 Bou·

236 4843 281 4896 eis
295 4844 399 4910 letigum
405 4841 579 4914 peragendam
595 4842 653 4896 iter.
668 4869 679 4889 ι
696 4846 790 4914 Inepte
801 4861 865 4896 vero
876 4842 911 4896 ad
923 4855 1025 4898 monta·
1069 4844 1215 4913 gainvillius
1233 4854 1260 4896 et
1278 4844 1418 4896 llennelius
1437 4846 1531 4898 Lixum
1554 4847 1663 4900 lltxvium
1688 4849 1714 4900 in
1739 4849 1856 4904 metlium

236 4939 286 4976 nos
298 4921 580 4994 nostros'l'roqlodytas
586 4923 705 4976 nonnulli
716 4922 862 4976 retulerunt
869 4923 949 4976 verba
958 4928 1027 4995 Aga·
1070 4922 1201 4977 desertum
1212 4923 1398 4988 detruderent,
1411 4924 1452 4976 illc
1463 4924 1497 4977 de
1512 4925 1560 4978 llio
1569 4924 1603 4977 do
1623 4931 1703 4989 Onro,
1717 4928 1760 4980 bic
1771 4929 1857 4982 deliio

236 5003 347 5055 themeri
368 5004 404 5067 ll,
429 5001 444 5055 5
466 5019 473 5054 ε
497 5002 560 5072 ΙΙρδς
585 5002 628 5073 μὲν
651 5009 688 5074 τῷ
711 5001 844 5074 Αἰθιοπικῷ
869 5000 1026 5076 Ἱπποδρθμῳ
1070 5009 1095 5057 S.
1121 5004 1248 5076 Cypriane
1268 5007 1393 5075 cogitans.
1415 5007 1451 5058 Λι
1471 5005 1531 5058 ferri
1551 5006 1601 5059 tale
1620 5005 1684 5077 quid
1703 5027 1757 5060 non
1781 5027 1858 5080 yxxsse

239 5081 249 5151 l
263 5077 773 5154 ’1”ποδρθμρΡιοΙειιιαιιιιῑ,Μαι·οἱσιι.λ
791 5081 926 5153 ἱπποράγοι
942 5081 1025 5150 atto,
1070 5103 1101 5137 ex
1111 5096 1210 5138 antece.
1223 5095 1302 5156 patet.
1321 5083 1397 5138 lltlcle
1408 5085 1479 5155 qnotl
1492 5087 1594 5152 Lixitre,
1614 5097 1705 5158 utpote
1717 5100 1857 5158 [metarum

239 5175 282 5221 πες
292 5160 347 5212 κτλ.
671 5157 674 5163 ’
967 5187 981 5212 e
1070 5163 1419 5234 populus,nonarenassetl
1435 5163 1571 5218 herbosam
1587 5176 1681 5218 tetram
1698 5166 1747 5218 sibi
1767 5179 1858 5238 postu·

192 5272 201 5285 ·
274 5241 328 5309 58.
349 5236 573 5315 τάρεπλέομεν
592 5242 646 5309 τὴν
663 5243 782 5315 ἐρήμην
806 5244 870 5297 κτλ.
887 5246 932 5311 ]Λ
956 5245 1025 5298 Lixo
1070 5244 1133 5296 lant.
1150 5247 1239 5312 Quare
1250 5246 1351 5297 nurneri
1365 5255 1452 5296 notam
1466 5246 1492 5296 in
1503 5245 1592 5298 exsilite
1603 5257 1693 5298 nostro
1704 5258 1858 5319 corruptam
