3950 5925
230 417 287 468 rao
941 378 1121 458 ιιιοιινιιι

262 556 285 593 a.
309 532 372 594 Ἀπὸ
400 534 513 608 Δυσμιῗιν
542 532 577 595 τίς
599 527 739 599 Πλινθίνην
761 560 801 573 -
822 526 899 591 σάλος
923 527 1001 584 ἐστίν·
1083 527 1108 577 3.
1129 529 1152 577 A
1167 525 1315 577 Chersoneso
1327 524 1360 577 ad
1375 525 1525 579 Plinthinen
1540 554 1575 565 -
1588 525 1675 578 Salum
1688 537 1742 591 est,
1758 537 1840 597 portu

222 627 238 680 δ
250 623 327 688 τόπος
340 621 460 696 ἀλίμενος
475 654 510 665 -
524 618 623 675 στάδιοι
637 616 670 693 ζ’.
1049 624 1120 665 ουτοι
1132 613 1250 665 locus-
1262 610 1345 664 stadia
1357 628 1392 680 9ο
1404 614 1414 679 (
1424 613 1447 682 lt'
1459 612 1480 683 J,

262 730 286 769 ι.
306 708 371 767 Ἀπὸ
393 705 531 775 Πλινθίνης
552 703 595 761 ἐπὶ
620 701 766 778 Ταπόσιριν
785 734 825 747 -
838 699 912 767 πόλις
935 701 1005 757 ἐστίν
1086 703 1112 762 l·
1134 701 1157 751 A
1175 697 1307 751 Plinthine
1329 696 1362 750 ad
1381 698 1569 773 Tflpffilflnr
1582 696 1646 750 urbs
1664 698 1720 750 Sine
1740 710 1837 769 P⁰f¹¹¹;

223 794 351 871 ἀλίμενος·
364 792 431 872 ἱερὸν
444 798 489 851 τοῦ
504 791 685 871 Ὀσίριδος-
699 790 843 857 στάδιοιζ.
946 814 949 819 ·
1051 788 1141 841 sanum
1153 786 1406 840 Osiridis-stadia
1420 785 1540 857 90(l,').

263 903 286 942 s.
311 880 373 939 Ἀπὸ
393 877 563 958 Ταποσίρειυς
584 878 627 936 ἐπὶ
646 877 675 935 τὸ
690 875 769 952 Χιμὼ
784 910 824 923 -
844 874 922 953 κώμη
937 872 1005 932 ἐστί·
1088 874 1114 925 5.
1134 876 1156 926 A
1169 874 1290 943 Taposiri
1303 872 1337 925 ad
1350 874 1446 926 Chimo
1458 902 1495 913 -
1505 874 1579 926 vicus
1592 883 1646 937 νοις
1661 871 1751 925 brevia
1764 871 1839 943 adja-

197 992 210 1028 s
226 968 313 1048 βμάχη
328 966 515 1046 ἐπιφαινόμενα
529 999 566 1009 —-
580 964 680 1023 στάδιοι
695 965 726 1032 ζ’.
865 1000 869 1008 ·
1051 970 1111 1012 001st
1122 960 1273 1029 apparentia
1283 957 1410 1011 *Slfldlss
1424 975 1459 1027 90
1473 960 1546 1028 (A'l

224 1176 255 1219 ut
265 1182 356 1217 sensus
367 1165 401 1215 sit
414 1180 421 1215 :
436 1173 529 1233 portus
544 1173 584 1215 est
597 1162 722 1223 navibus,
744 1178 857 1230 quarum
873 1178 941 1211 onus
954 1177 1008 1211 non
1054 1159 1081 1208 8.
1097 1172 1138 1207 11.
1157 1156 1198 1207 ιδ.
1216 1156 1257 1217 ι5,
1273 1171 1354 1224 quum
1367 1152 1456 1206 redeat
1469 1172 1595 1206 numerus
1608 1152 1667 1215 ξἰιι
1678 1166 1767 1225 aperte
1779 1176 1839 1210 cor·

223 1243 328 1295 excedit
338 1242 408 1293 mille
427 1243 541 1293 sarcinas
555 1239 596 1293 vel
606 1240 725 1304 modios,
739 1242 815 1291 sicuti
830 1239 892 1291 alias
904 1237 985 1290 habes
1001 1254 1007 1289 ε
1054 1245 1147 1304 ruptus
1161 1234 1203 1297 sit,
1216 1234 1328 1304 lapieus
1341 1234 1445 1303 reponit
1455 1250 1578 1292 numeros
1588 1232 1650 1302 ναῖ’,
1664 1232 1711 1303 ρῖἰ
1724 1233 1772 1298 κί’,
1786 1234 1838 1305 1²1⁴,

226 1322 302 1392 λιμήν
315 1320 367 1374 ἐστι
379 1320 475 1380 πλοίοις
489 1320 585 1388 μικροῖς
597 1317 606 1389 (
619 1321 634 1386 S
646 1321 689 1382 84.
703 1322 748 1386 96.
763 1320 813 1370 ι28
827 1316 848 1388 ),
867 1316 940 1385 βάθος
953 1334 1010 1384 φορ·
1054 1312 1104 1383 [ιζ’.
1119 1315 1180 1365 Haec
1190 1330 1252 1364 vcro
1264 1311 1411 1379 corrigendi
1422 1312 1505 1375 ratio,
1518 1329 1570 1381 qua
1585 1312 1650 1365 nihil
1661 1312 1770 1366 arbitrio
1784 1332 1839 1367 aon

225 1403 312 1470 τηγοῖς
330 1399 362 1469 (§
379 1400 464 1466 xa)et
482 1414 542 1466 qum
556 1397 652 1466 passim
666 1405 809 1448 occurrunt
822 1394 925 1446 similia.
944 1394 1011 1445 Sunt
1053 1392 1224 1462 permittitur,
1239 1392 1266 1442 in
1287 1400 1408 1443 ausuum
1424 1401 1568 1454 auctorem,
1588 1392 1656 1443 sicut
1674 1392 1701 1443 in
1725 1391 1839 1463 reliquos

224 1477 413 1549 νυτοφορτηγοὶ
425 1477 465 1529 vel
476 1475 554 1528 πλοῖα
562 1474 603 1526 vel
612 1474 714 1536 lindisse
724 1474 886 1543 χιλιαγωγολ,
896 1472 1008 1542 χιλιοφό-
1054 1470 1215 1541 periplorum
1226 1471 1375 1539 scriptores,
1389 1470 1498 1521 minime
1511 1468 1590 1522 cadit.
1605 1470 1673 1521 Nam
1691 1481 1794 1525 constat
1810 1474 1838 1525 in

223 1570 273 1625 μοι,
284 1552 450 1624 γιλιοτόρτοι,
460 1565 538 1603 naves
548 1549 648 1618 generis
660 1549 785 1614 minoris;
797 1549 950 1619 grandiores
963 1567 1008 1598 νο·
1054 1548 1198 1618 majoribus
1212 1548 1340 1601 distantiis
1354 1548 1508 1618 plerumque
1528 1547 1633 1599 nonnisi
1653 1546 1775 1602 denarios
1789 1568 1839 1604 nu·

222 1614 317 1687 cantur
331 1629 495 1703 μυριαγωγολ,
510 1629 677 1699 μυριοφόρτοι,
698 1631 841 1700 μυριογιόροι
856 1634 899 1699 (ν,
917 1628 1006 1701 Steph.
1054 1645 1140 1679 meros
1162 1628 1297 1698 usurpari,
1328 1626 1425 1695 quibus
1453 1643 1515 1678 raro
1542 1622 1678 1678 adduntur
1705 1628 1838 1696 quinarii;

224 1714 299 1765 Thes.
309 1730 331 1764 s.
339 1730 394 1775 νν.,
403 1710 688 1781 ubiaddeStrabon.p.
700 1709 750 1762 sos
761 1726 767 1760 ι
777 1710 851 1778 βάθος
859 1710 918 1760 ὅσον
927 1708 1010 1778 ἀρκεῖν
1053 1704 1149 1775 quodsi
1169 1705 1266 1774 passim
1281 1704 1456 1755 accuratiores
1469 1702 1547 1755 etiam
1566 1701 1635 1755 tradi
1648 1700 1796 1771 videantur,
1811 1707 1839 1760 hi

226 1792 365 1861 μυριοφόρῳ
372 1790 445 1861 νηί).
457 1787 645 1850 Hoffmannus,
655 1789 733 1841 missa
744 1805 809 1839 voce
817 1787 918 1856 χιλίων,
931 1786 1010 1839 scribi
1055 1802 1158 1854 semper
1171 1783 1225 1836 lere
1235 1784 1354 1854 corrupti
1366 1792 1436 1835 sunt.

224 1870 308 1923 voluit
321 1885 327 1921 :
342 1862 426 1937 λιμήν
439 1867 503 1921 ἔστιν
525 1866 627 1936 ἀγωγῆς
646 1866 675 1919 σθ
699 1866 811 1937 μείζονος
824 1867 840 1933 ἢ
855 1866 960 1919 σταδίων
975 1864 1009 1929 ζ’,
1090 1866 1104 1930 S
1118 1869 1145 1916 4.
1165 1862 1331 1931 Ταπόσιριν
1344 1863 1354 1932 l
1368 1860 1396 1913 rb
1410 1861 1580 1931 noelptoaets
1592 1858 1606 1912 ό
1617 1858 1666 1914 ἀπὸ
1676 1865 1841 1936 τοῦποοιμίοο

228 1971 240 1993 ι
255 1949 291 1999 ita
300 1958 331 1999 ut
344 1946 412 1999 hanc
421 1945 565 1998 habeamus
576 1945 732 1998 sententiam
745 1961 752 1996 ι
766 1953 859 2015 portus
870 1953 910 1995 est
922 1941 1011 1995 aditus
1055 1939 1148 1993 codex.
1160 1941 1274 1994 Nomina
1287 1942 1316 1992 in
1331 1960 1350 2001 ις
1366 1940 1488 1992 exeuntia
1502 1939 1643 2010 sepissime
1653 1957 1669 1992 a
1680 1941 1772 1995 scribis
1780 1962 1841 1997 onr-

224 2025 404 2077 siveorisnon
418 2022 523 2093 majoris
531 2042 612 2095 quam
622 2023 767 2077 stadiomm
781 2033 890 2093 septem.
903 2046 914 2067 ι
930 2019 1011 2089 Quod
1055 2031 1225 2091 rumpuntur.
1249 2020 1375 2090 Exempla
1395 2020 1433 2073 rei
1450 2029 1508 2072 tum
1526 2018 1641 2089 periples
1663 2031 1762 2087 noster,
1782 2034 1840 2077 tum

220 2113 303 2172 quam
312 2100 455 2154 absurdum
472 2101 553 2168 foret,
564 2104 672 2155 sensisse
683 2103 769 2156 editor
781 2119 836 2153 non
850 2098 963 2153 videtur.
975 2129 1012 2139 -
1055 2099 1180 2152 Marciani
1193 2098 1286 2165 codex,
1297 2098 1350 2161 alii,
1359 2098 1477 2169 praebent
1488 2098 1579 2151 multa.
1592 2098 1635 2151 Sic
1645 2098 1749 2151 codices
1759 2102 1841 2155 Pseu.

225 2182 273 2232 ilis
291 2181 453 2250 premonitis
474 2178 509 2234 de
527 2182 648 2233 universa
667 2180 747 2251 hujus
765 2179 888 2248 segminis
911 2178 1012 2231 ratione
1055 2177 1246 2231 doeallistbenis
1257 2179 1280 2241 l,
1292 2178 1323 2229 31
1337 2194 1364 2247 p.
1377 2178 1411 2230 32
1422 2176 1586 2247 οιΤαφόοιριν
1597 2176 1716 2246 praebent
1726 2189 1753 2231 et
1762 2180 1842 2251 Ταφο-

224 2270 342 2330 superest
355 2270 385 2311 ut
396 2270 544 2311 moneatur.
560 2258 633 2327 Quid
645 2257 696 2311 sibi
709 2258 765 2311 vult
777 2255 842 2309 illud
854 2255 887 2318 τίς
900 2256 1012 2326 Δυαμόςθ
1056 2254 1143 2325 σίριον.
1153 2256 1266 2310 literar:
1276 2256 1327 2325 inp
1336 2254 1706 2326 mutauxrlusuetymologioo.
1718 2258 1840 2313 Ceterum

224 2340 295 2391 Num
306 2356 359 2391 orae
373 2339 512 2391 maritime
523 2338 596 2391 locus
606 2356 640 2391 eo
650 2339 759 2390 nomine
770 2335 920 2389 indicatur?
931 2337 1012 2388 Mni-
1055 2330 1211 2386 debocloeo
1221 2350 1246 2385 ν,
1255 2332 1348 2385 Strabo
1357 2350 1384 2403 p.
1395 2348 1463 2402 799:
1475 2331 1540 2385 Εἶτα
1546 2332 1686 2404 Τασόσειρις
1696 2333 1842 2408 (leniaque

225 2435 268 2470 me
281 2416 309 2469 id
320 2416 465 2487 probabile.
477 2419 544 2471 Nam
553 2416 638 2471 stadia
649 2427 748 2488 septem
761 2417 790 2469 in
801 2432 905 2468 summa
915 2414 1013 2470 stadio·
1055 2409 1448 2483 ιιιΤιιφόσιριςνοι.Ιοσι.)οθιιίπλ
1456 2410 1840 2486 θαλάττῃ,ιτανιίγυμινδεχομίνη

225 2513 285 2548 mm
302 2497 370 2549 1550
383 2496 571 2567 comprehendi
580 2505 726 2565 nequeunt,
736 2512 767 2546 ac
774 2494 886 2547 omnino
895 2503 947 2545 tam
959 2495 1014 2546 exi·
1057 2490 1169 2560 μεγάλην
1181 2490 1233 2562 (καί
1246 2489 1311 2557 άλλη
1322 2489 1344 2541 δ’
1357 2489 1409 2542 leel
1417 2490 1557 2561 Ταφόσειρις
1567 2489 1677 2544 ἐπέκεινα
1689 2495 1732 2557 τῆς
1746 2495 1841 2559 πόλεως

225 2591 276 2642 gua
286 2574 421 2626 intervalla
431 2575 458 2625 in
470 2591 517 2625 ora
527 2590 581 2624 non
592 2572 677 2625 solent
685 2572 781 2624 notan.
797 2574 881 2625 Pone
893 2588 927 2622 ne
936 2582 1012 2640 putes
1057 2565 1248 2639 (Ἆλιξιινδριίοις
1259 2571 1311 2636 sc.)
1320 2567 1418 2629 ίιιοινῶς.
1428 2566 1470 2621 Ci.
1482 2585 1510 2640 p.
1523 2571 1602 2637 θοιι)·
1615 2567 1689 2635 αιἰτῆς
1700 2570 1727 2623 δὲ
1736 2572 1841 2638 πλησίου

224 2668 275 2721 pro
288 2651 320 2716 ζ’,
331 2663 362 2705 ιιι
370 2652 441 2716 alias,
455 2647 968 2720 sichocquoquelocaseribendumesse
995 2650 1011 2714 ¹,
1056 2649 1175 2716 πετρῶδες
1184 2645 1224 2700 ἐπὶ
1234 2649 1266 2717 τῇ
1278 2646 1387 2718 θαλάττῃ
1399 2646 1492 2716 χωρίον
1505 2646 1546 2698 nal
1554 2646 1613 2699 αθτδ
1628 2648 1765 2718 δεχόμενον
1778 2652 1841 2703 πολ-

226 2728 521 2797 sequentiumlocorum
528 2728 595 2780 ratio
607 2736 686 2781 vetat.
697 2730 786 2794 Quare
793 2727 814 2777 si
825 2724 905 2778 verbo
916 2654 1013 2793 Anaphe
1055 2724 1183 2786 inherciae
1205 2726 1365 2796 κωμάζοντας
1385 2724 1479 2777 ἅπασαν
1499 2726 1565 2795 ὥραν
1587 2724 1665 2787 ἔτους.
1688 2728 1842 2783 Ptolemaeus

226 2824 324 2858 nomen
349 2808 486 2877 proprium
509 2805 607 2871 subest,
629 2804 769 2874 legendum
788 2806 839 2856 erit
860 2802 893 2864 είς
909 2802 1014 2871 Διδύμοις
1056 2821 1164 2874 quoque
1175 2806 1234 2873 (IV,
1250 2805 1303 2875 5p.
1312 2807 1375 2872 282)
1385 2804 1554 2875 Ταπόσιρινίιι
1567 2804 1762 2864 mediterraneis
1772 2822 1842 2862 recte

228 2883 349 2954 [νιίσους],
360 2896 438 2955 atque
450 2884 528 2936 verba
541 2883 617 2954 λιμήν
626 2883 677 2937 ἐστι
687 2883 754 2947 κτλ,
763 2900 846 2953 quum
857 2884 884 2934 in
893 2882 1013 2933 minimas
1057 2894 1182 2936 recenset.
1197 2882 1238 2937 cf.
1253 2883 1401 2935 Dioscorid.
1417 2886 1467 2949 IIl,
1480 2900 1513 2952 27
1530 2883 1705 2955 (Ταφοθσιρις),
1720 2888 1842 2957 synesius

127 2965 131 2974 '
226 2962 289 3014 istas
303 2963 399 3015 insulas
413 2964 457 3017 vix
472 2962 618 3033 quadrent,
632 2963 667 3016 ad
685 2963 959 3031 Chersonesiportum
973 2977 1014 3011 re·
1057 2964 1132 3032 epist.
1146 2967 1206 3031 gri,
1223 2965 1404 3032 (Ταφόσιρις).
1419 2966 1451 3016 In
1470 2963 1536 3016 Tab.
1553 2964 1674 3034 Peuting.
1697 2977 1723 3018 et
1741 2969 1838 3038 Geogr.

227 3040 364 3104 trahenda,
380 3052 453 3093 etex
470 3042 588 3110 margine
600 3043 654 3094 huc
669 3041 791 3093 translata
811 3057 867 3092 esse
883 3037 1014 3091 censenda
1058 3043 1176 3094 θὶιινοιιιι.
1195 3042 1230 3104 V,
1250 3059 1265 3110 7
1284 3042 1407 3094 scribitur
1433 3041 1566 3114 Taposiri.
1588 3039 1689 3096 Eodem
1710 3047 1842 3114 pertinere

228 3130 300 3172 sunt.
324 3120 356 3170 At
377 3120 434 3172 ficri
448 3121 526 3172 etiam
540 3130 668 3190 potestat
689 3120 744 3190 ipsa
765 3118 843 3172 verba
859 3116 891 3178 τίς
904 3116 1012 3187 δυσμὰς,
1060 3123 1183 3190 Caportan
1199 3121 1226 3170 in
1240 3121 1361 3172 itinerar.
1375 3138 1402 3190 p.
1423 3121 1456 3189 73
1477 3122 1623 3190 suspicatur
1639 3122 1838 3194 Weseingtus.

228 3215 319 3250 versus
330 3215 458 3260 occasum,
472 3198 565 3268 aliquis
577 3196 822 3267 annotaveritjuxta
834 3215 860 3250 ν.
877 3194 933 3249 ’Aah
950 3194 1014 3247 λλε·
1058 3199 1202 3268 Procopius
1220 3201 1260 3250 De
1279 3198 1350 3251 tedii.
1373 3200 1422 3262 VI,
1445 3215 1481 3251 1:
1506 3199 1577 3261 πόλις
1597 3198 1662 3252 ἐστὶν
1683 3199 1773 3272 ἡμέρας
1792 3203 1841 3268 diti

226 3274 358 3345 ξανδρείας,
365 3294 397 3328 ex
406 3277 489 3345 iisque
496 3277 580 3330 scriba
589 3277 682 3347 aliquis
691 3293 789 3329 novum
799 3275 897 3339 locum,
906 3271 1013 3345 ducpht,
1062 3273 1238 3345 Ἀλεξανδρείας
1245 3277 1375 3347 διέχουσα,
1391 3277 1520 3349 Ταπόσιμις
1533 3279 1626 3348 ὄνομα,
1638 3278 1682 3330 ἵνα
1693 3277 1723 3344 δὴ
1738 3286 1842 3351 ταφῆναι

226 3353 341 3407 finxerit.
352 3359 439 3425 Atque
447 3355 497 3407 hoe
508 3355 632 3426 equidem
644 3355 860 3408 verisimillimum
872 3373 927 3406 esse
940 3355 1014 3406 dixe·
1058 3355 1101 3407 τδν
1115 3361 1163 3407 τῶν
1174 3353 1313 3426 Αἰγυπτίων
1327 3357 1382 3409 θεὸν
1398 3354 1494 3427 Ὄσιριν
1505 3356 1629 3426 λέγουσιν.
1647 3359 1734 3424 Quam
1748 3359 1841 3414 urbem

227 3435 288 3497 rim,
306 3435 333 3485 in
342 3451 452 3504 eamque
463 3436 618 3486 sententiam
629 3434 708 3486 latina
726 3433 862 3486 adornavi.
1057 3437 1220 3488 lastinianus
1235 3437 1300 3506 imp.
1313 3438 1386 3489 curia
1400 3436 1550 3506 balneisque
1564 3437 1677 3490 ornavit.
1693 3441 1732 3490 Ac
1748 3440 1844 3508 proba·

263 3516 277 3580 §
289 3518 316 3566 3.
336 3512 431 3564 [Ιλινθ
442 3512 535 3582 ίνην]
551 3511 681 3578 θλινθίνην
696 3511 769 3575 cod.;
786 3529 839 3564 em.
852 3511 960 3564 Gailius.
974 3513 1015 3562 De
1060 3513 1145 3566 biiiter
1153 3513 1186 3566 ad
1195 3516 1335 3568 iustiniani
1344 3526 1461 3584 tempora
1468 3515 1580 3584 pertinet
1589 3532 1649 3585 pars
1660 3514 1842 3585 edificiorum,

228 3591 359 3645 Plinthine
371 3591 437 3643 urbe
451 3601 478 3643 et
488 3592 549 3642 sinu
561 3589 696 3643 Plinthino
713 3591 754 3642 vel
767 3590 929 3652 Plinthinite,
940 3591 986 3658 qui
1000 3607 1015 3642 a
1059 3611 1173 3662 quorum
1184 3594 1267 3646 ruinae
1280 3603 1429 3665 supersunt.
1441 3595 1528 3646 Locus
1538 3592 1580 3644 ille
1590 3590 1624 3645 ad
1635 3603 1674 3648 ter
1685 3594 1755 3648 mille
1763 3596 1843 3667 pedes

228 3669 391 3721 Chersoneso
401 3668 530 3739 usquead
542 3671 647 3721 leucen
658 3680 732 3722 actea
744 3669 866 3738 pertinet,
884 3666 942 3718 vide
957 3679 1012 3720 not.
1059 3672 1092 3722 ab
1113 3671 1230 3724 Arabum
1253 3682 1325 3724 turre
1343 3672 1421 3743 (tour
1441 3671 1485 3724 des
1506 3671 1605 3725 Arabes
1617 3675 1627 3740 )
1646 3671 1755 3738 dauns,
1771 3677 1842 3746 apud

229 3744 263 3799 ad
273 3746 370 3816 Scylac.
384 3765 411 3817 p.
429 3748 473 3811 82,
483 3748 530 3800 ubi
540 3746 608 3800 adde
619 3749 781 3818 Stephanum
792 3748 852 3816 Byz.
865 3763 871 3798 :
883 3746 1013 3811 Πλινθίνη,
1059 3749 1158 3802 Arabes
1167 3761 1276 3803 vocatur
1284 3749 1503 3812 Kana-Abeasst'r,
1510 3751 1746 3819 vulgnBoursirvel
1756 3754 1843 3806 Abon-

228 3824 299 3886 πόλις
316 3829 358 3891 τῆς
371 3825 504 3896 Αἰγυπτίας
519 3827 559 3880 ἐπὶ
570 3831 612 3894 τῆς
623 3827 740 3897 Μαρείας.
761 3824 790 3877 ‘0
803 3825 905 3891 πολίτης
914 3825 1015 3877 Πλινθι-
1058 3828 1107 3879 sir.
1121 3830 1155 3880 V.
1165 3829 1248 3881 Ritter
1255 3831 1277 3891 1,
1288 3846 1316 3899 p.
1325 3830 1377 3897 872
1387 3829 1476 3898 ibique
1487 3825 1585 3881 laudati
1593 3839 1618 3882 et
1629 3829 1716 3882 Pacho
1725 3832 1843 3899 (Voyage

230 3904 303 3970 νίτης.
323 3904 402 3974 Apud
419 3906 585 3960 Herodotum
598 3909 634 3970 11,
646 3912 663 3958 6
679 3924 727 3976 pro
740 3905 908 3971 Πλινθινήτεω
922 3905 1016 3958 κόλπου
1060 3906 1127 3960 darn
1148 3907 1174 3959 Iu
1189 3907 1378 3978 Marruariqae,
1395 3917 1445 3960 etc.
1461 3909 1542 3960 Paris.
1560 3910 1626 3978 1829
1646 3925 1674 3978 p.
1688 3927 1704 3977 7
1719 3907 1749 3979 ):
1768 3910 1842 3963 «J'ai

230 3984 293 4035 item
315 3982 514 4036 rescribendum
538 4001 594 4036 esse
614 3983 791 4049 Πλινθινίτειο,
822 4001 906 4053 quum
931 3981 1016 4036 forma
1061 3986 1208 4036 vuinement
1226 3984 1337 4037 cherche
1358 3986 1442 4055 parmi
1458 3984 1493 4036 les
1508 3986 1597 4038 ruines
1613 3985 1842 4058 d’Abousirquel·

229 4061 439 4126 Πλινθινήτεωιιίι
448 4080 499 4115 usu
513 4063 634 4133 Aigyptio
647 4064 730 4116 aliena
738 4065 782 4127 sit,
794 4073 883 4115 censet
892 4063 1014 4114 Meinele
1060 4080 1124 4131 ques
1144 4063 1252 4131 vestiges
1265 4062 1312 4114 des
1326 4073 1494 4115 monuments
1512 4063 1545 4116 de
1560 4062 1705 4120 l’aneienne
1725 4052 1841 4136 ligyptm

228 4139 263 4192 ad
273 4141 312 4192 St.
326 4143 355 4192 B.
374 4142 415 4193 Dc
433 4143 493 4194 vitis
503 4140 606 4194 cultura
617 4140 687 4211 apud
696 4142 861 4194 Plinthinitas
873 4143 978 4194 inventa
987 4160 1012 4193 ι’.
1055 4140 1082 4210 jc
1105 4140 1157 4193 n’ai
1178 4159 1215 4212 pu
1233 4139 1374 4192 decouvrir
1387 4141 1432 4211 qui
1453 4159 1487 4192 en
1505 4141 1550 4193 etit
1564 4140 1587 4193 le
1605 4140 1732 4194 caractere
1746 4161 1843 4213 propre

228 4217 378 4271 Hellanicus
386 4219 418 4271 ir.
431 4218 557 4282 maeoti.
566 4218 694 4272 Strabone
703 4237 730 4289 p.
741 4238 792 4289 799
802 4236 809 4272 ι
820 4218 921 4271 Είιοινία
930 4221 956 4272 τί
963 4219 1013 4272 ἔστι
1059 4229 1116 4272 ιοιιι
1133 4217 1207 4272 δίιιίι
1220 4219 1356 4272 distinctis.
1370 4221 1438 4272 llors
1456 4219 1492 4272 les
1503 4221 1593 4272 ruinas
1609 4219 1648 4273 du
1668 4219 1772 4291 temple,
1796 4223 1842 4292 qui

228 4297 283 4366 περὶ
294 4298 350 4359 τους
361 4300 449 4359 τόπους
462 4298 571 4369 (Mariae
582 4297 672 4368 paludi
689 4297 820 4367 vicinos),
835 4301 898 4351 ὥστε
912 4298 954 4350 καὶ
965 4299 1015 4348 δια·
1059 4297 1185 4350 u'ollrent
1199 4316 1250 4368 que
1266 4297 1312 4350 des
1328 4299 1560 4370 rapprochements
1573 4317 1635 4352 avec
1648 4299 1672 4352 le
1685 4300 1749 4370 style
1764 4302 1843 4371 egyp·

229 4375 329 4442 Ιμεῖσθαι
345 4375 405 4445 riphe
418 4375 554 4428 παλαίωσιν
570 4376 612 4428 τὸν
625 4374 754 4444 hispanae
770 4373 850 4428 οἶνον.
873 4379 883 4445 ΙΙ
899 4407 935 4417 --
947 4377 1013 4428 crol-
1059 4378 1126 4441 tien,
1140 4387 1228 4447 etque
1246 4374 1298 4428 l'on
1318 4395 1351 4429 ue
1368 4389 1432 4447 peut
1448 4377 1511 4430 faire
1531 4389 1664 4432 remonter
1677 4396 1711 4431 au
1722 4376 1780 4432 dela
1796 4381 1843 4432 des

228 4452 290 4504 διοι
303 4450 346 4522 [γ’]
359 4455 397 4507 sic
408 4453 491 4506 codex
497 4474 505 4517 ;
516 4454 584 4506 σταδ.
600 4452 627 4516 ς’
639 4452 808 4522 malelegerat
818 4455 920 4507 Iriarte.
935 4455 1014 4524 Apud
1058 4457 1185 4527 premiere
1206 4453 1329 4523 lagides,
1348 4466 1406 4508 tout
1426 4455 1448 4508 le
1468 4467 1536 4509 reste
1555 4467 1595 4508 est
1611 4467 1750 4527 purement
1767 4476 1841 4527 grec,

228 4531 398 4584 Ptolemaeum
405 4534 453 4596 IV,
472 4532 498 4596 5,
508 4549 536 4602 p.
555 4535 607 4585 282
621 4528 754 4585 Plinthine
764 4532 823 4603 (49ο
837 4533 891 4604 45¹)
904 4552 920 4586 a
933 4534 1014 4586 Cher·
1059 4536 1160 4610 romain
1178 4552 1213 4586 ou
1226 4533 1313 4586 arabe.
1331 4559 1342 4580 ι

229 4626 323 4662 sonmo
342 4609 410 4682 (60⁰)
427 4609 506 4663 distat
518 4611 597 4664 unius
608 4612 705 4679 gradus
715 4622 789 4681 parte
798 4622 891 4681 quarta
904 4612 945 4665 vel
955 4631 1015 4664 cen·
1095 4617 1110 4682 §
1122 4619 1148 4668 5.
1160 4613 1193 4664 lla
1202 4614 1265 4684 μὼ]
1279 4613 1356 4665 Χῖοι
1371 4617 1386 4680 ς
1398 4618 1413 4666 θ
1424 4611 1471 4666 ἀπὸ
1485 4613 1514 4666 rb
1526 4613 1584 4685 (sic)
1595 4615 1629 4666 Χῖ
1637 4614 1730 4666 codex.
1742 4613 1844 4684 Syllaba

228 4699 286 4742 tum
297 4687 388 4742 stadiis
395 4699 422 4741 et
434 4689 522 4760 paullo
532 4690 600 4760 plus.
611 4690 662 4742 Sed
676 4691 717 4742 his
733 4690 858 4744 aelidem
873 4692 1015 4744 habeamus
1061 4694 1100 4764 prb
1114 4692 1237 4746 absorbta
1249 4703 1310 4745 esta
1323 4703 1447 4762 sequente
1460 4695 1505 4745 κώ.
1526 4693 1605 4764 Apud
1616 4693 1785 4748 Ptolemaeum
1804 4705 1847 4746 cet

228 4785 261 4820 eo
275 4767 444 4838 impedimur,
460 4769 533 4838 quod
546 4769 701 4822 Ptolemaeus
717 4769 867 4823 Plinthinen
880 4771 1015 4824 collocata
1059 4775 1152 4843 λειμώ.
1166 4771 1290 4842 Ejusdem
1305 4773 1419 4824 nominis
1431 4775 1566 4845 corruptio
1578 4775 1727 4844 graecissaus
1738 4773 1846 4826 subesse

229 4848 347 4917 Taposiri
370 4850 428 4916 (49ο
445 4847 498 4919 5ολ
520 4866 641 4901 occasum
661 4866 762 4913 versus,
785 4868 866 4919 quum
886 4851 1014 4902 orientem
1061 4851 1165 4904 videtur
1181 4852 1354 4906 Straboniano
1369 4851 1444 4912 ίιυνδς
1456 4856 1531 4922 σῆμα.
1552 4855 1605 4906 Pro
1617 4852 1640 4913 ζ’
1653 4851 1791 4922 legendum
1809 4851 1844 4920 ζ’.

231 4943 320 4978 versus
331 4937 446 4996 ponmur
457 4937 514 4978 tum
531 4926 601 4998 apud
615 4928 741 4980 Nostrum
755 4938 810 4980 tum
822 4927 893 5000 apud
907 4928 1014 4981 Strabo·
1060 4932 1159 4984 Gailius
1172 4932 1308 5002 proposuit
1323 4929 1369 5000 ρξ’,
1386 4930 1568 5000 Ιογιίειιεριιζ’.
1582 4933 1677 4996 Locus,
1691 4933 1733 4984 cui
1748 4931 1847 4984 Chimo

231 5022 302 5056 rtem.
316 5006 426 5075 lapieus
437 5003 472 5058 ad
488 5006 639 5059 Plinthinen
654 5007 742 5059 retulit
753 5008 841 5060 ruinas
851 5027 887 5059 nn
901 5007 1016 5059 nord-err
1061 5010 1242 5074 vindicandus,
1260 5012 1286 5062 in
1299 5008 1506 5074 mediterraneis,
1518 5010 1608 5078 viginti
1624 5009 1657 5062 ab
1677 5027 1723 5062 ora
1737 5009 1844 5072 stadiis,

231 5081 262 5132 dc
275 5083 301 5133 ln
320 5095 379 5136 tour
391 5083 436 5136 des
456 5085 575 5146 Arabes,
590 5101 767 5155 numerosque
785 5087 884 5138 iriartis
901 5087 936 5138 ita
957 5103 1015 5138 ιιιιι-
1060 5100 1152 5157 puteos
1161 5089 1248 5152 habet,
1262 5092 1306 5158 qui
1317 5106 1389 5140 nunc
1400 5086 1649 5140 vocanturlionrden
1659 5087 1698 5139 vel
1709 5085 1845 5140 Burdnlrn.

233 5160 305 5221 tavit,
316 5164 368 5228 ut§
380 5177 396 5214 2
408 5179 457 5232 pro
471 5161 495 5222 ζ’
505 5174 614 5233 poneret
623 5162 668 5226 il',
681 5166 778 5234 §ipro
788 5164 815 5226 ς’
826 5165 949 5216 scriberet
963 5163 1014 5233 pq',
1060 5168 1082 5218 li
1098 5167 1203 5234 regione
1217 5164 1295 5234 hujus
1313 5165 1362 5217 loci
1381 5165 1480 5234 scopuli
1500 5174 1623 5217 notantur
1635 5164 1661 5214 in
1676 5179 1769 5232 mappa
1786 5178 1849 5231 quae

232 5240 273 5302 §l
288 5248 374 5290 autem
392 5250 506 5293 servaret
517 5259 658 5295 numerum
675 5241 707 5302 ζ’.
723 5243 806 5296 Simili
820 5244 900 5296 modo
914 5244 941 5295 in
959 5245 1015 5310 55.
1062 5245 1229 5296 inscribitur:
1250 5244 1300 5296 Τίνι
1314 5244 1415 5296 laurum
1432 5262 1463 5294 or
1481 5243 1522 5295 ιΙις
1537 5253 1636 5294 eastern
1654 5239 1744 5294 bassin
1762 5239 1798 5306 os
1805 5241 1850 5293 rae
