3950 5925
121 412 226 494 (ιηιι.)
752 404 863 465 Ottttts
885 404 1121 467 DEsCtttrtto.
1685 417 1740 466 aas

181 543 189 617 (
203 542 285 599 Οθτοι
300 534 327 594 δέ
338 536 443 616 Θρᾷκες
458 532 611 615 Βαστέρναι
623 532 646 591 τ’
662 530 797 604 ἐπήλυδες.
811 534 820 610 l
957 547 1009 611 (lli
1021 563 1083 598 vero
1091 544 1206 597 'Ihraoes
1216 554 1278 597 sunt
1289 544 1470 616 Bastarnasque
1484 550 1637 614 convena.)

483 660 550 671 nun—u·—
1326 668 1389 678 .-

584 705 618 766 ‘0
636 706 753 783 ποταμός
1513 715 1619 768 Fluvius

178 798 267 879 Τύρος
283 794 363 875 βαθύς
375 798 399 854 τ’
418 793 454 852 ὢν
469 793 574 862 ιιῖὸοτός
586 816 615 852 τι
626 798 683 860 ταῖς
694 798 802 871 νομαῖς,
956 804 1039 873 Tyras
1050 800 1197 872 profundus
1207 801 1396 871 abundansque
1407 808 1518 874 pascuis,

126 910 169 949 soa
180 890 231 946 τῶν
246 884 342 965 ἰχθύων
353 883 466 942 διάθεσιν
482 881 605 962 ἐμπόροις
617 882 695 961 ἔχων,
957 891 1069 961 piscium
1080 887 1259 942 venditionem
1273 891 1463 943 mercatoribus
1470 891 1599 962 praebens,

181 983 238 1042 ταῖς
248 972 355 1033 ὁλκάσιν
370 994 399 1031 τι
411 969 503 1029 ναυσίν
519 969 653 1029 ἀνάπλουν
663 971 780 1050 ἀσφαλῆ.
958 976 1136 1046 onerariisque
1153 976 1265 1029 navibus
1276 985 1359 1029 tutam
1368 977 1575 1032 subvectionem.

180 1060 338 1139 Ὁμώνυμος
349 1059 375 1118 δὲ
390 1060 549 1139 τῷπαταμῷ
561 1060 646 1115 κεῖται
661 1058 735 1123 πόλις
958 1062 1129 1132 cognominis
1140 1062 1222 1115 flutio
1233 1061 1334 1132 adjacet
1344 1063 1408 1115 urbs

179 1152 204 1210 '1'
206 1149 282 1228 ύρας,
295 1148 403 1212 άποικυς
417 1146 545 1223 γενομένη
560 1144 710 1215 Μιλησίων.
956 1152 1050 1221 Tyras,
1059 1149 1162 1203 colonia
1173 1167 1231 1220 quae
1241 1149 1291 1203 fuit
1303 1150 1476 1203 Milesiorum.

482 1260 552 1271 ...-
1310 1270 1389 1279 .-

181 1322 246 1383 Ἐπῖ
256 1329 313 1388 ταῖς
326 1319 353 1379 δέ
367 1319 425 1379 καθΙ
436 1316 554 1379 Ὕπανίν
568 1342 596 1377 τι
611 1318 656 1377 καῖ
672 1318 841 1396 Βορυσθένην
958 1327 1001 1381 Ad
1016 1328 1184 1398 Hypanisque
1193 1336 1220 1378 et
1228 1326 1396 1396 Borysthenis

125 1432 166 1469 uro
183 1412 310 1486 ποταμῶν
321 1408 441 1467 διπλαῖσι
451 1402 596 1483 ου’μθολαῖς
611 1405 680 1464 ἔστιν
690 1406 764 1473 πόλις
959 1416 1101 1466 lluviorum
1115 1413 1233 1481 geminos
1247 1414 1408 1466 confluentes
1419 1413 1482 1465 urbs
1493 1425 1530 1465 est

183 1502 332 1570 κτισθεῖσα,
346 1496 472 1575 πρότερον
486 1494 582 1555 'uitta
597 1494 763 1570 καλουμένη,
958 1500 1074 1563 condita,
1085 1518 1143 1571 quae
1154 1502 1227 1571 prius
1238 1500 1315 1554 Olbia
1327 1511 1433 1565 vocata,

184 1584 252 1662 μετὰ
263 1584 336 1643 ταῦθ’
349 1584 393 1665 ὑφ’
405 1581 539 1655 Ἑλλήνων
556 1582 635 1640 πάλιν
649 1582 808 1662 Βορυσθένης
958 1598 1073 1658 posteaa
1091 1588 1189 1640 Graecis
1202 1604 1294 1639 rursus
1307 1588 1480 1657 Borysthenes

180 1672 315 1741 κληθεῖσα·
329 1670 427 1741 ταύτην
438 1669 485 1741 τὴν
497 1670 573 1729 πολιν
589 1668 716 1740 Μιλήσιοι
959 1675 1094 1726 nominata
1112 1684 1161 1726 est.
1179 1674 1254 1725 Hanc
1264 1673 1358 1725 urbem
1369 1674 1462 1726 Milesii

182 1760 296 1828 κτίζουσι
308 1757 378 1817 κατθι
389 1757 436 1829 τὴν
451 1756 572 1829 Μηδικὴν
584 1756 726 1837 ἐπαρχίαν·
959 1760 1079 1812 condunt
1091 1760 1188 1813 Medici
1202 1771 1321 1831 tempore
1330 1762 1443 1832 imperii.

128 1866 170 1903 oto
181 1846 319 1907 διακοσίων
333 1846 445 1905 σταδίων
461 1844 488 1905 δὲ
501 1845 546 1904 καὶ
559 1845 596 1911 δίς
609 1846 704 1903 εἴκοσιν
767 1897 774 1906 ,
960 1850 1141 1898 Ducentorum
1155 1845 1300 1898 stadiorum
1309 1857 1335 1898 et
1344 1846 1515 1917 quadraginta

181 1935 233 1993 dab
246 1939 293 2006 τῆς
305 1934 437 2001 θαλάττης
448 1933 492 1991 τόν
505 1934 638 1992 ἀνάπλουν
652 1932 805 2010 Βορυσθένει
959 1950 975 1984 a
988 1934 1054 1984 mari
1068 1943 1107 1985 cst
1120 1932 1152 1985 ad
1165 1934 1361 2002 eanraavigatio
1373 1932 1601 1987 adventantes

123 2116 174 2176 pto
185 2106 266 2176 inque
276 2108 383 2159 nomine
397 2124 491 2177 parum
505 2116 569 2158 noto
579 2124 646 2174 agre
655 2106 754 2159 tuleris.
770 2105 918 2159 Meinelrius
961 2106 986 2157 δὲ
993 2105 1094 2166 πολίτας
1103 2107 1232 2175 Τυρίνους·
1245 2107 1358 2159 ἐκαλεῖτο
1367 2107 1393 2159 δὲ
1406 2106 1533 2178 Ὀριοῖσα,
1542 2118 1621 2178 atque
1631 2110 1743 2162 Plinius:

127 2188 209 2255 igittu·
218 2186 323 2238 liberius
338 2188 365 2239 in
380 2186 420 2239 his
435 2198 551 2239 versatus
561 2186 634 2237 dedit
649 2202 654 2238 :
672 2186 763 2256 Θρᾷκές
775 2204 800 2238 τε
812 2186 919 2255 Ιίαστάρ-
963 2186 1054 2238 Clarus
1062 2186 1149 2238 amnis
1164 2190 1231 2254 Pyra
1245 2185 1343 2256 oppido
1355 2204 1444 2239 nomen
1454 2186 1595 2258 imponeris,
1610 2188 1656 2239 ubi
1669 2202 1746 2241 antea

129 2284 171 2315 ναι
181 2265 203 2315 τ’
214 2262 338 2329 ἐπήλυδες.
355 2266 411 2333 Ego
431 2266 506 2316 uocis
518 2264 688 2317 Holsteniana
703 2264 813 2327 inclusi,
828 2275 918 2335 utpote
964 2263 1097 2335 Ophiussa
1117 2263 1263 2316 dicebatur.
1279 2264 1434 2316 Ptolemaeus
1449 2267 1499 2329 111,
1517 2282 1549 2318 ιο
1568 2268 1636 2318 inter
1648 2280 1747 2321 utram·

129 2344 606 2415 quaeaScymnoalienaesseputem.
619 2346 687 2396 Nam
699 2346 832 2415 Anonymi
844 2344 918 2397 locus
961 2358 1014 2411 que
1031 2341 1183 2410 distinguit,
1196 2343 1295 2411 Tyram
1315 2360 1369 2395 non
1387 2341 1464 2412 longe
1485 2344 1519 2395 ab
1537 2362 1584 2396 ora
1604 2348 1745 2412 maritima,

128 2442 216 2496 neque
230 2425 315 2477 verbis
329 2442 413 2494 neque
425 2426 551 2476 orationis
567 2441 680 2476 nurnero
693 2433 796 2494 poetam
812 2423 916 2494 prodit,
962 2420 1120 2489 Ophiussam
1130 2422 1158 2471 in
1172 2419 1266 2472 eodem
1276 2421 1349 2472 lluvil
1360 2420 1440 2473 latere
1454 2423 1481 2473 ln
1491 2422 1688 2477 mediterraneis
1698 2444 1746 2496 po·

128 2521 216 2573 noque
236 2504 345 2555 omnino
358 2501 495 2573 probabile
507 2512 546 2555 est
557 2504 694 2566 Nostrum,
709 2504 792 2574 quiin
806 2513 860 2555 tota
870 2504 919 2555 hac
962 2516 1036 2550 nens.
1049 2498 1233 2552 AtAlexandri
1243 2510 1269 2551 et
1278 2500 1355 2553 Plinii
1367 2504 1521 2554 sententiam
1529 2504 1658 2573 potiorem
1668 2504 1749 2559 dure-

128 2584 207 2636 Ponti
217 2581 392 2653 descriptione
404 2582 532 2652 Ephoreae
539 2584 620 2634 ¹aetatis
632 2582 816 2653 geographiam
825 2581 918 2635 aduru-
963 2579 1024 2641 rim,
1040 2577 1112 2649 quod
1124 2578 1217 2649 reliqui
1234 2580 1374 2649 scriptores
1393 2581 1497 2631 nonnisi
1513 2581 1552 2632 vel
1570 2582 1621 2633 hoc
1632 2582 1671 2635 vel
1684 2585 1747 2637 illud

126 2660 433 2725 brat,commemorasse
446 2662 592 2724 Bustaruas,
604 2679 718 2731 quorum
731 2672 791 2714 ante
801 2664 918 2714 Romana
964 2675 1062 2708 nomen
1083 2668 1307 2720 commemoratam
1322 2658 1420 2727 Tyrum
1442 2660 1515 2710 novit
1539 2660 1608 2712 Meta
1624 2663 1660 2724 ΙΙ,
1676 2679 1699 2727 1,
1715 2682 1746 2732 73

127 2750 248 2810 tempora
262 2740 315 2790 sivo
324 2749 385 2790 ante
394 2738 507 2809 Philippi
519 2739 552 2791 ab
566 2740 672 2801 AEmilio
687 2741 746 2792 victi
757 2746 918 2792 aetatem⁴ae-
962 2735 1121 2805 Ophiussam
1142 2734 1304 2805 ScylaxSiiii
1320 2745 1347 2787 et
1361 2734 1463 2799 Strabo,
1481 2738 1543 2800 Vll,
1565 2756 1592 2807 p.
1617 2740 1677 2803 306,
1702 2745 1748 2811 qui

128 2834 175 2869 mo
201 2816 261 2869 lecit
281 2818 451 2869 mentionem.
474 2819 578 2871 Primus
598 2818 632 2870 de
657 2820 688 2870 iis
709 2819 776 2871 dixit
796 2819 918 2889 Polybius
963 2814 1056 2866 urbem
1080 2815 1175 2867 amari
1199 2813 1317 2865 dissitam
1346 2812 1424 2866 fuisse
1455 2819 1522 2878 140,
1548 2817 1587 2869 vel
1606 2836 1657 2869 sec.
1684 2820 1747 2872 alios

129 2899 176 2963 (r.
198 2895 291 2948 Ultert.
311 2898 361 2960 111,
375 2912 402 2959 2,
417 2914 446 2968 p.
466 2902 516 2968 4²7
531 2908 557 2949 et
579 2901 675 2970 passim
691 2902 711 2968 ).
733 2901 825 2968 Itaque
836 2916 918 2968 quum
966 2910 1016 2945 1²0
1027 2892 1117 2945 stadiis
1129 2892 1208 2946 refert
1220 2896 1231 2959 (
1243 2893 1277 2944 cl.
1292 2903 1349 2944 not.
1362 2894 1478 2945 Crameri
1496 2905 1560 2946 tom.
1583 2899 1619 2960 ΙΙ,
1635 2916 1661 2969 p.
1678 2900 1708 2950 31
1726 2903 1746 2968 ).

127 2977 251 3046 proxime
269 2975 449 3028 antecedentia
465 2995 497 3028 ex
517 2977 688 3030 Artemidoro
703 2982 859 3048 Anonymus
874 2979 919 3030 ad·
963 2975 1090 3026 Arrianus
1104 2990 1189 3043 neque
1201 2973 1359 3044 Ophiussam
1374 2990 1459 3042 neque
1472 2975 1569 3044 Tyrum
1588 2995 1748 3030 commemo.

128 3053 251 3118 duxerit,
265 3053 299 3105 ad
318 3053 432 3106 eundem
451 3065 585 3107 auctorem
607 3057 685 3108 etiam
708 3057 762 3108 haec
783 3057 918 3109 reserenda
963 3063 1019 3116 rat,
1032 3062 1135 3104 uttunc
1147 3052 1180 3104 ad
1193 3069 1267 3103 oram
1278 3050 1367 3103 saltem
1377 3052 1534 3105 nullaluisse
1544 3055 1607 3106 urbs
1618 3057 1746 3110 videatur.

129 3151 187 3185 esse
207 3149 311 3186 censeo.
333 3134 463 3204 Deinceps
486 3133 622 3186 Fabricius
641 3133 814 3204 (eujusride
833 3137 917 3188 lectt.
966 3132 1750 3203 ll-Bob·811.Anonym.p.8H.,p.218,12G:’Eaiii

128 3211 236 3279 Strymo.
251 3229 278 3282 p.
297 3227 328 3263 12
341 3211 350 3283 )
365 3213 441 3283 eique
455 3211 643 3282 obtemperans
662 3213 810 3266 Meinelrius
824 3225 918 3284 praeter
963 3212 1017 3269 ταῖς
1026 3211 1080 3260 καθ’
1091 3209 1197 3261 Ὕπανιν
1207 3210 1248 3260 καλ
1262 3209 1412 3279 Βορυσθένην
1424 3213 1478 3272 ταῖς
1491 3217 1540 3264 τῶν
1552 3214 1621 3263 δυοῖν
1631 3221 1748 3285 ποταμῶν

129 3288 252 3342 ordinem
270 3309 349 3360 quem
362 3293 658 3364 Anonymussequitur,
673 3303 919 3362 posueruntrersus
963 3289 1100 3358 ουμθολαῖς
1120 3288 1185 3340 ἔστιν
1205 3289 1331 3340 κτισθεῖσα
1350 3289 1435 3350 πόλις,
1456 3291 1573 3360 πρότερον
1590 3291 1632 3360 μὲν
1659 3292 1748 3346 ’uitta

130 3369 265 3432 asa-864,
276 3370 372 3439 quihus
386 3380 476 3438 gentes
491 3369 618 3440 Scythicae
633 3369 694 3422 inde
708 3370 741 3421 ab
757 3373 826 3422 Istro
837 3388 920 3441 usque
966 3368 1080 3438 (Σαθία)
1094 3367 1250 3437 καλουμένη,
1268 3366 1329 3436 μετθι
1344 3366 1369 3418 δὲ
1388 3371 1464 3420 ταῦτα
1477 3369 1516 3438 ύρ’
1532 3368 1662 3435 Ἑλλήνων
1675 3373 1749 3424 πάλιν

129 3445 165 3498 ud
176 3447 326 3500 Maeotidem
341 3448 487 3501 habitantes
500 3448 594 3501 eodem
609 3449 667 3501 loco
681 3466 772 3501 omnes
783 3466 918 3501 recensen-
965 3447 1113 3516 Βορυσθένης
1125 3447 1254 3513 κληθεῖσα.
1268 3447 1364 3513 Ταύτην
1379 3447 1405 3499 δὲ
1418 3447 1480 3499 κατὰ
1495 3446 1539 3513 τὴν
1553 3448 1666 3516 Μηδικὴν
1679 3452 1751 3523 ἔπαρ-

131 3535 186 3577 tur.
200 3527 283 3580 Causa
299 3546 362 3580 vero
380 3527 459 3599 hujus
471 3529 681 3600 transpositionis
701 3539 740 3581 est
758 3527 837 3581 nulla.
853 3530 919 3582 Nam
964 3528 1022 3596 χίαν
1036 3526 1156 3591 Μιλήσιοι
1169 3528 1301 3587 κτίζουσιν
1322 3527 1453 3578 διακοσίων
1470 3527 1496 3579 δὲ
1515 3528 1556 3580 καῖ
1569 3533 1750 3601 τεσσαράκοντα

130 3604 242 3673 perinde
255 3623 362 3676 prorsus
373 3619 440 3673 erat,
455 3610 509 3661 sive
517 3608 551 3660 de
564 3613 634 3666 istro
647 3609 750 3661 locutus
759 3619 851 3660 auctor
862 3609 920 3660 bar-
965 3608 1070 3658 σταδίων
1085 3607 1128 3658 τὀν
1141 3605 1266 3660 ἀνάπλουν
1285 3605 1333 3659 ἀπο
1343 3609 1386 3672 τῆς
1400 3606 1524 3672 θαλάσσης
1534 3607 1586 3678 ἔχει
1598 3615 1634 3680 τῷ
1646 3617 1751 3682 ποταμῷ

130 3681 209 3735 baras
223 3695 321 3752 gentes,
334 3700 393 3756 quae
406 3687 477 3741 illinc
490 3699 644 3759 sumusque
660 3688 692 3740 ad
710 3685 868 3751 lllaeotidem,
879 3705 920 3739 re·
965 3687 1115 3756 Βορυσθένει.
1127 3686 1241 3738 Belinxit
1252 3687 1420 3738 [etronnius.
1430 3686 1578 3739 Meiueltius
1588 3706 1613 3740 ν.
1625 3691 1676 3741 806
1688 3691 1751 3743 mal·

131 3773 264 3827 censeret,
275 3775 303 3816 et
313 3763 410 3818 deinde
419 3766 453 3818 ad
465 3785 518 3819 orae
529 3766 733 3838 descriptionem
748 3766 856 3830 rediret,
867 3768 921 3819 sive
964 3764 998 3816 let
1016 3783 1021 3815 :
1036 3766 1161 3816 κτισθεῖσα
1174 3765 1230 3834 πρὶν
1248 3763 1291 3833 μὲν
1309 3762 1412 3827 Ὀλθῖα,
1429 3774 1456 3815 et
1472 3767 1524 3832 807
1541 3781 1547 3816 ε
1563 3765 1601 3835 ‘op'
1621 3763 1750 3833 Ἑλλήνων

131 3842 248 3911 primum
267 3861 340 3897 oram
353 3844 386 3897 ad
402 3845 524 3916 paludem
546 3865 630 3917 usque
651 3847 759 3916 legeret,
779 3856 804 3898 et
824 3845 921 3899 deinde
964 3843 991 3895 δὲ
1011 3843 1071 3895 πόλι
1090 3843 1247 3912 Βορυσθένης.
1264 3845 1367 3894 Nomen
1388 3840 1465 3892 Σαδία
1486 3842 1552 3894 ιιῖίιῖί
1570 3853 1622 3907 est,
1644 3847 1750 3915 opinor,

130 3918 291 3989 populorum
309 3923 419 3975 istorum
437 3942 574 3977 recensum
591 3923 740 3994 subjiceret.
761 3925 835 3977 Idem
856 3925 921 3977 valet
965 3925 1015 3974 nisi
1035 3923 1211 3992 dittographia
1231 3923 1345 3974 nominis
1369 3920 1457 3972 Ὀλθία
1476 3923 1601 3988 (CABlA,
1622 3923 1714 3976 OABlA
1726 3927 1748 3998 λς

131 3996 169 4048 de
182 3999 335 4070 Anonymo,
351 4003 396 4071 qui
417 4013 447 4054 ut
467 4005 494 4055 in
509 4004 616 4074 reliquis
638 4004 760 4056 ordinem
783 4005 921 4074 per-legesis
965 4003 1071 4054 tertium
1082 4001 1155 4053 urhis
1166 4019 1263 4053 nomen
1274 4019 1288 4052 a
1299 4001 1400 4062 Serboi.
1409 4019 1434 4052 e.
1445 4001 1547 4052 Baccho
1556 4001 1616 4065 deo,
1629 4002 1751 4057 derivans

131 4075 218 4148 probe
231 4081 357 4142 servavit,
373 4081 410 4131 sic
423 4084 501 4133 etiam
516 4083 567 4134 hoc
581 4083 638 4135 loco
651 4101 704 4134 non
719 4082 863 4134 deseruisse
873 4101 921 4152 pu·
966 4081 993 4132 iu
1007 4099 1038 4132 eo
1050 4099 1190 4149 agnoscere
1203 4080 1254 4132 sibi
1264 4081 1334 4130 visus
1345 4090 1384 4131 est
1395 4081 1539 4131 Creuzerus
1550 4083 1575 4132 in
1587 4081 1749 4150 Heidelberg.

131 4153 231 4207 tandus
240 4166 288 4207 est.
300 4158 310 4224 ll
322 4187 358 4196 -
367 4160 494 4226 798-803.
506 4163 592 4215 Anon.
610 4180 641 4233 p.
651 4163 761 4231 911.,μ.
772 4177 833 4224 ano,
845 4165 859 4222 l,
869 4165 902 4213 G.
913 4179 919 4212 ι
965 4159 1107 4211 Jatrtncn.
1127 4163 1204 4211 1822.
1215 4177 1242 4229 p.
1261 4157 1327 4210 1235
1339 4160 1349 4220 (
1360 4159 1386 4210 iu
1396 4176 1505 4210 censura
1520 4159 1577 4210 libri
1594 4177 1600 4211 :
1616 4160 1696 4213 ctotr
1707 4162 1752 4215 des

131 4227 239 4293 θύτοςθ
255 4233 331 4303 Τύρας
344 4235 454 4305 ποταμός
467 4237 539 4306 βαθύς
552 4255 578 4288 τε
592 4239 637 4302 ὢν,
654 4238 751 4298 εύθοτος
765 4240 817 4298 ταῖς
836 4243 924 4309 νομαῖς
968 4237 1099 4289 aeduino
1120 4238 1240 4308 antiques
1256 4237 1432 4310 ‹l'Olbiopolir
1452 4257 1484 4290 on
1508 4237 1631 4300 d'Olbia,
1642 4239 1752 4307 faisant

131 4315 184 4362 τῶν
209 4309 300 4379 ἰχθύων
322 4311 386 4364 ἐστὶν
406 4313 512 4365 διάθεσιν
531 4314 644 4384 ἐμπόροις
659 4314 734 4384 ἔχων.
752 4319 781 4366 ln
799 4335 922 4368 numeros
964 4317 1052 4385 partic
1078 4316 1114 4367 (ln
1140 4317 1245 4368 cabinet
1267 4315 1304 4367 dn
1323 4315 1456 4367 coraseiller
1480 4314 1563 4366 d’e'rat
1585 4316 1753 4383 ntaramberg

132 4388 294 4459 redegerunt
304 4392 369 4445 alius
378 4394 523 4464 postalium
535 4393 752 4463 meliusquaedam
762 4397 921 4448 constituen-
967 4397 1039 4446 Paris
1064 4399 1140 4447 1822.
1161 4399 1182 4462 ),
1203 4411 1317 4463 eumque
1331 4392 1563 4446 secutusBaehrius
1578 4395 1604 4445 in
1626 4396 1690 4447 Ere.
1716 4396 1750 4448 ad

132 4479 185 4531 tes,
197 4469 358 4536 llolstenius,
373 4473 492 4537 Vossius,
506 4473 675 4535 [ntronnius
689 4471 846 4526 illeiockius.
865 4475 923 4542 11-
967 4473 1095 4525 Herodot.
1109 4475 1157 4537 Ν,
1175 4476 1205 4525 ιθ
1231 4472 1315 4543 (totu.
1329 4475 1365 4534 ll,
1378 4490 1405 4541 p.
1422 4471 1472 4522 6153
1488 4473 1508 4537 ).
1528 4470 1604 4523 Olbia
1619 4472 1681 4523 urbs
1697 4491 1751 4526 uon

134 4548 200 4600 803.
220 4547 342 4619 λεγομένη
355 4551 454 4612 ἄποικος
466 4551 596 4616 Μιλησίων
613 4555 721 4614 Anour.;
734 4569 787 4604 em.
802 4553 920 4604 Holstea.
967 4551 1000 4602 ad
1013 4552 1211 4622 Borysthenem,
1227 4550 1271 4603 scd
1284 4549 1446 4603 addentium
1459 4551 1575 4618 Hypanis
1586 4551 1657 4602 lluvii
1667 4553 1751 4622 ripam

134 4629 178 4678 De
189 4635 281 4680 natura
292 4629 368 4699 Tyrae
377 4629 449 4681 lluvii
462 4629 497 4682 ol.
509 4628 589 4682 Ovid.
598 4631 637 4681 Ex
650 4631 735 4682 Ponto
747 4631 795 4694 IV,
813 4648 853 4694 to,
869 4631 920 4683 50:
967 4633 1016 4682 sita
1032 4642 1103 4694 erat,
1118 4641 1148 4682 ut
1160 4640 1269 4682 testatur
1284 4632 1329 4699 qui
1350 4629 1449 4680 diutius
1469 4629 1503 4680 ibi
1519 4640 1633 4681 versatus
1649 4643 1687 4683 est
1700 4634 1752 4683 Dio

135 4703 209 4756 niella
226 4705 330 4758 tenuior
341 4725 415 4759 antire
428 4711 519 4777 Tyras.
531 4707 637 4760 Flaccus
653 4711 716 4776 Arg.
727 4710 776 4772 Vt,
792 4711 834 4770 84.
849 4711 922 4761 Gree-
967 4711 1171 4780 Chrysostomus
1194 4711 1242 4761 Or.
1258 4710 1302 4772 36,
1316 4719 1381 4760 tom.
1405 4711 1441 4769 ll,
1459 4725 1486 4777 p.
1502 4712 1534 4775 74
1550 4711 1582 4772 lt,
1598 4721 1623 4762 et
1637 4729 1668 4762 ex
1691 4713 1752 4781 ipsis

134 4801 183 4835 eos
196 4782 229 4834 ad
240 4786 305 4837 ostia
316 4785 372 4856 ejus
390 4786 519 4840 habitasse
533 4798 621 4839 narrat
633 4787 784 4839 Herodotus
800 4789 848 4850 IV,
866 4791 894 4839 51
915 4805 920 4839 ¹.
968 4791 1051 4840 ruinis
1073 4789 1163 4857 liquet,
1180 4807 1238 4858 qua
1257 4799 1317 4838 suot
1329 4787 1402 4856 juxta
1422 4789 1507 4838 ricunr
1525 4787 1634 4857 Ilinsly,
1648 4809 1680 4841 co
1694 4792 1752 4842 loeo

135 4861 178 4914 ἐπὶ
192 4861 218 4914 δὲ
227 4869 262 4934 τῷ
273 4866 376 4936 στόματι
388 4865 461 4918 absai
474 4865 813 4932 κατοίκηνταιἽθλληνες,οδ
823 4867 923 4936 Τυρῖται
967 4869 1038 4937 quia
1052 4867 1159 4919 tumulis
1177 4866 1363 4936 Ινυμιιίοιτιίὶίιιις
1386 4876 1493 4916 vocatur
1516 4869 1643 4931 Sannngil
1662 4873 1672 4934 ί
1684 4872 1700 4922 i.
1726 4891 1749 4923 e.

134 4939 277 4993 καλέονται.
295 4945 482 5011 (Ammianus.
506 4947 620 5010 XXVII,
644 4949 659 5008 l,
679 4945 771 4997 ludens
795 4963 800 4997 :
825 4947 923 4998 civitas
967 4958 1074 4998 tentum
1088 4947 1182 4999 tumuli
1199 4951 1219 5014 ),
1233 4965 1277 4996 sex
1292 4946 1408 4997 milliaria
1427 4947 1533 4997 lltrssiea
1556 4947 1654 4999 distans
1668 4969 1681 5000 a
1692 4953 1751 5003 sinu

141 5022 233 5086 tyros,
255 5021 355 5074 colonia
375 5024 533 5086 Pboenicnnr,
548 5043 626 5096 qetanr
642 5025 807 5096 prrartringit
820 5027 924 5092 flarius
968 5027 1021 5076 sire
1039 5026 1095 5077 laen
1117 5026 1196 5096 (ἕλος
1214 5024 1364 5075 Herodrtus
1382 5024 1445 5076 dicit
1467 5026 1516 5087 ll',
1540 5027 1571 5075 53
1585 5025 1605 5094 l,
1626 5026 1652 5075 ῖιι
1673 5044 1751 5094 eptem

142 5101 227 5165 Ἰζινοι·
241 5099 261 5168 ).
275 5102 373 5154 Urbem
393 5104 490 5174 Tyrum
501 5103 534 5156 ab
551 5103 668 5174 Ophiusa
686 5121 739 5154 nou
760 5102 924 5172 distinguunt
968 5107 1084 5176 llypaais
1099 5116 1124 5157 et
1139 5105 1311 5175 Borysthenes
1325 5105 1471 5157 eonllnuut.
1485 5109 1575 5172 Quum
1590 5123 1677 5156 veroa
1697 5125 1751 5158 ma·

138 5178 288 5231 Alexander
302 5182 448 5252 Polyhistor
457 5202 500 5254 ap.
515 5183 638 5253 Stephon.
652 5185 713 5253 Byz.
729 5203 752 5234 ν.
769 5183 845 5252 Τύρος
856 5202 862 5216 ·
874 5183 887 5234 ό
899 5185 925 5236 δὲ
965 5185 1017 5254 jori
1033 5186 1113 5236 lluvin
1127 5185 1202 5235 Olbia
1216 5184 1294 5234 etiam
1311 5183 1483 5252 Borysthenes
1497 5194 1641 5248 intraretur,
1656 5185 1751 5237 luctum

138 5257 285 5327 Πολυίστωρ
303 5260 345 5312 :br
358 5262 467 5332 ποταμὸν
481 5262 521 5315 καὶ
531 5259 574 5327 τὴν
591 5261 662 5315 πόλιν
672 5263 750 5333 Ἰύροιν
765 5263 856 5332 (φησί),
872 5264 926 5324 τοὺς
968 5275 1021 5329 est,
1044 5275 1070 5316 ut
1088 5263 1205 5315 rroonulli
1219 5263 1350 5333 Hypanim
1364 5263 1567 5334 Borysthenem,
1584 5265 1653 5317 hutrc
1666 5277 1753 5319 sautem
