3950 5925
662 418 903 479 smnusrus
922 414 1048 477 nanis
1071 383 1209 477 niort.
1680 435 1734 487 nr

168 571 192 609 ο.
215 549 278 611 'tri
292 552 337 607 τοῦ
349 546 430 624 Χιμὼ
444 548 488 606 tat
501 546 546 607 τδν
559 550 678 608 Γλαῦκον
691 549 791 607 στάδιοι
805 548 842 609 π’.
991 560 1018 607 6.
1038 558 1062 608 Α
1074 555 1169 608 Chimo
1180 555 1214 608 ad
1225 554 1354 611 Glaucum
1369 556 1451 609 stadia
1464 560 1505 613 llo.

170 660 193 700 7.
217 635 280 697 Ἀπὸ
300 641 346 695 τοῦ
361 636 483 696 Γλαύκου
497 638 532 702 el<
550 634 735 714 Ἀντίρρας-
750 635 828 701 σάλος
841 634 911 693 ἐστὶν
992 658 1018 708 7.
1039 643 1061 693 Α
1079 641 1179 694 Glauco
1191 639 1225 693 ad
1240 642 1422 711 Antiphras·
1433 643 1515 696 salum
1538 662 1601 697 ocus
1615 645 1693 701 habet
1704 678 1740 689 -

130 724 232 790 δτόποι
244 722 396 780 -στάδιοι
409 721 449 783 π’.
956 722 1040 777 stadia
1058 727 1101 777 80.

169 832 193 869 a.
217 810 281 869 'sat
294 813 346 867 τῶν
361 808 502 889 Ἀντιρρῶν
515 807 559 866 tat
572 806 620 877 τὴν
634 806 735 886 Δὲρραν
748 843 786 853 -
798 806 912 887 δρορμός
992 811 1018 861 8.
1040 808 1081 861 Ab
1094 810 1231 881 Antiphris
1242 810 1275 863 ad
1296 814 1406 863 Derram
1421 812 1478 877 (cl.
1492 815 1588 865 Derrin
1599 816 1608 881 )
1618 846 1654 855 —
1665 819 1741 870 statio

103 926 116 962 ι
131 900 185 955 ἔστι
195 895 306 975 θερινὸς,
317 896 363 954 καὶ
377 895 447 975 ὕδωρ
460 895 516 974 ἔχει
526 929 567 941 -
579 896 678 953 στάδιοι
692 895 725 963 ζ’.
956 896 1046 949 subest
1057 898 1159 961 estiva,
1173 907 1199 951 et
1210 916 1305 969 aquam
1317 898 1389 951 loeus
1404 898 1481 950 habet
1493 899 1622 953 -stadia
1634 920 1668 970 90
1680 902 1740 973 (tf).

131 1112 349 1171 Meditrrranenn,
359 1106 499 1180 publisled
509 1119 539 1159 at
549 1108 590 1159 tlte
600 1105 831 1177 demgroplticnl
841 1107 916 1177 office
958 1105 1005 1159 εἶτ’
1024 1107 1039 1173 ἦ
1060 1109 1140 1178 Δέρρις
1157 1106 1244 1179 λιμὴν,
1262 1109 1413 1179 καλούμενος
1431 1108 1506 1170 οὕτως
1521 1108 1561 1160 διὰ
1573 1108 1617 1173 τὴν
1638 1111 1742 1178 πλησίον

131 1192 167 1259 of
176 1193 217 1243 tlte
234 1190 395 1258 Admiralty.
415 1185 502 1241 lond.
519 1187 596 1254 1839.
613 1189 700 1256 Rupes
717 1186 771 1239 illas
787 1204 915 1257 aquarum
958 1186 1045 1255 πέτραν
1057 1188 1173 1256 μέλαιναν
1186 1189 1262 1257 δέρρει
1277 1187 1396 1240 ἔοι-κυῖαν·
1413 1187 1561 1256 ὀνομάζουσι
1573 1188 1599 1241 δὲ
1618 1191 1658 1241 καλ
1670 1191 1742 1261 Zagi-

132 1269 297 1341 superficiem
307 1270 461 1335 attingentes
472 1275 564 1333 anctqr
581 1275 671 1317 noster
682 1275 755 1317 vocat
768 1266 848 1335 βράχη
866 1264 914 1318 im-
958 1282 1011 1333 ριον
1028 1264 1071 1316 τὸν
1084 1264 1188 1330 πλησίον
1204 1266 1293 1318 τόπον·
1309 1264 1347 1318 εἴτ
1365 1264 1441 1325 άλλος
1460 1263 1535 1335 λιμὴν
1556 1266 1686 1330 cessarea
1704 1272 1745 1323 καὶ

129 1350 278 1418 φαινόμενοι,
291 1348 381 1413 sicut5
394 1347 426 1414 37
438 1344 517 1397 hahes
530 1342 610 1413 βρά7η
625 1342 705 1412 ὑψηλά
718 1352 744 1395 et
755 1346 770 1410 ς
789 1343 822 1410 57
833 1342 914 1411 βράχη
958 1342 1033 1393 ἄλλοι
1046 1343 1153 1404 πλείους.
1169 1346 1228 1396 Ηυσ
1244 1344 1366 1397 accedere
1376 1342 1460 1395 rideri
1476 1345 1557 1412 possit
1571 1346 1649 1397 series
1659 1352 1744 1401 norni-

134 1430 251 1499 μετέωρα.
267 1428 390 1479 Ceterum
402 1422 528 1494 usquead
538 1422 633 1475 Chimo
648 1422 734 1473 vicum
745 1419 817 1491 apud
829 1421 914 1474 Ptole·
958 1438 1023 1473 num
1032 1422 1103 1492 apud
1117 1422 1263 1475 Hieroclem
1278 1440 1305 1494 p.
1321 1424 1371 1491 733
1387 1422 1519 1485 rutena,
1537 1420 1668 1493 Ἆντιρρὼ(
1678 1428 1743 1495 sic),

133 1526 228 1560 meeum
239 1507 352 1577 pertinet
367 1502 383 1569 ἧ
397 1506 440 1555 τοῦ
452 1503 586 1572 Μαρεώτου
598 1504 676 1571 νομοῦ
688 1499 815 1569 παράλιος.
958 1500 1057 1569 Δάρνις;
1077 1510 1103 1553 at
1122 1502 1216 1553 Darnis
1229 1519 1283 1553 non
1302 1512 1341 1552 est
1361 1510 1480 1552 nostrum
1495 1500 1593 1564 Derris,
1615 1500 1660 1553 sed
1680 1503 1742 1556 hod.

167 1589 182 1653 5
200 1591 227 1640 6.
241 1580 570 1651 PhainorJPtolemaeus
581 1589 710 1631 memorat
719 1576 831 1630 Γλαῦκον
840 1576 914 1647 άκρον
959 1578 1078 1641 Domni,
1092 1596 1122 1631 ac
1131 1580 1240 1632 omnino
1254 1579 1386 1632 Hierocles
1399 1580 1425 1631 in
1438 1578 1603 1631 recensendis
1614 1579 1676 1631 locis
1691 1600 1745 1635 non

132 1662 226 1733 (quod
246 1672 339 1714 contra
360 1670 424 1712 vett.
440 1667 602 1728 praeceptum
624 1657 652 1707 in
672 1655 782 1707 Γλαυκδν
804 1656 916 1708 mutavit
959 1656 1024 1708 solet
1037 1656 1157 1709 ordinem
1174 1675 1266 1709 eorum
1281 1656 1482 1726 geographicum
1494 1658 1641 1709 accuratius
1652 1658 1743 1711 obser·

131 1743 263 1809 Wilberg.
281 1741 318 1791 V.
342 1738 461 1790 Eustath.
482 1753 510 1807 p.
523 1740 586 1803 906,
596 1736 650 1802 ta)
665 1744 692 1785 et
706 1734 916 1802 abeopromon·
959 1752 1029 1787 vare.
1050 1736 1171 1787 Straboni
1194 1747 1281 1789 autem
1302 1746 1328 1787 et
1352 1735 1492 1787 Ptolemaeo
1516 1736 1629 1788 innitens
1646 1738 1746 1789 Gailius

132 1823 329 1875 toriooccasnm
343 1834 434 1868 versus
446 1816 474 1867 in
485 1812 683 1866 mediterraneis
694 1811 804 1863 Γλαῦκον
816 1812 915 1875 locum,
959 1813 1286 1883 perturbataseaseperipli
1295 1814 1409 1866 rationes
1418 1824 1444 1865 et
1453 1812 1525 1865 hunc
1537 1812 1589 1866 lere
1597 1815 1623 1865 in
1637 1814 1745 1867 modum

132 1904 174 1953 cui
189 1902 216 1953 in
228 1916 275 1951 nra
285 1894 428 1966 respondet
436 1891 566 1947 ineodem
574 1889 745 1959 longitudinis
757 1889 841 1959 gradu
852 1892 917 1943 situs
958 1891 1123 1945 adamandas
1135 1894 1235 1945 censuit
1247 1908 1253 1943 :

132 1981 265 2037 Λεάκαοπις
278 1974 354 2045 λιμήν
369 1973 403 2045 (ι
417 1972 518 2042 Depuis
531 1969 648 2023 Abousir
660 1967 767 2038 jusqu'a
780 1968 805 2021 la
818 1967 918 2037 gnada
960 1973 984 2023 A
998 1969 1098 2022 Glauco
1112 1969 1193 2041 (fort.
1204 1967 1339 2037 ιανπαιά)
1353 1967 1387 2021 ad
1401 1969 1555 2038 leucaspim
1568 1970 1579 2036 (
1587 1968 1605 2020 l.
1618 1970 1743 2041 Dresielr)

133 2044 918 2180 etkabuhlerivageetlepluflscshqurentlormbparuncdigne
991 2066 993 2069 ·
1031 2088 1112 2141 widh
1610 2092 1659 2142 ¹6⁰

133 2129 486 2187 accelerantem-P
577 2144 611 2180 ‚r
653 2127 700 2177 .In
754 2126 761 2138 '
815 2135 907 2179 norun
1116 2126 1124 2141 ⁰
1186 2168 1192 2181 .
1382 2168 1387 2178 .
1469 2163 1475 2176 .

133 2231 217 2283 quum
233 2211 341 2270 Γλαῦκος
359 2208 432 2260 Ιοουο
446 2145 593 2259 accuntiirs
613 2124 832 2267 ιθιάαάάῗάδδῑὴυτ,
850 2163 918 2256 non:
961 2166 1073 2297 {⁰2⁰³}
1081 2166 1240 2297 &pillum
1253 2168 1263 2235 (
1276 2164 1551 2296 lmisssimm‘lmabl
1609 2167 1660 2221 ¹3⁰

133 2292 204 2344 nulla
215 2286 426 2343 omisisseseriba
440 2283 644 2345 oensendusest,
656 2282 734 2334 sicuti
745 2281 838 2333 ceteris
850 2298 918 2351 qno-
976 2264 993 2297 ¹¹
1013 2263 1053 2297 θ’
1122 2262 1173 2336 Ψ
1188 2262 1276 2315 l'mm'
1291 2246 1324 2312 (θ
1371 2242 1427 2314 “sl

134 2388 187 2440 que
203 2369 277 2432 loeis,
295 2366 343 2419 ubi
360 2364 433 2418 nuda
449 2363 559 2415 nomina
571 2361 722 2432 apposuisse
736 2360 798 2412 satis
815 2359 916 2412 habuit.
961 2320 1067 2375 Indead
1080 2323 1222 2393 'lnul'hm

132 2449 271 2503 Probabile
281 2462 344 2498 vern
356 2454 396 2496 est
404 2442 438 2495 ad
453 2442 533 2493 rerba
543 2438 583 2493 ἐπὶ
594 2440 638 2492 τὸν
650 2438 762 2491 Γλαῦκον
774 2437 919 2491 subintelli·
962 2441 1067 2509 Quibus
1084 2439 1206 2493 ludibriis
1225 2439 1362 2492 immorari
1375 2437 1447 2491 haud
1465 2448 1547 2493 meat.
1563 2439 1666 2508 Quodsi
1688 2459 1748 2513 per-

133 2527 249 2595 gendum
258 2542 314 2578 esse
322 2522 425 2592 λιμάνα,
439 2519 507 2573 adeo
517 2528 549 2571 ut
563 2528 681 2588 portum,
693 2534 773 2586 quern
783 2515 919 2569 Λεύκασπιν
963 2519 1101 2572 hrnctoriae
1112 2519 1219 2582 rationi,
1236 2534 1288 2587 qna
1306 2535 1353 2571 ora
1369 2518 1466 2587 Libyca
1479 2518 1550 2587 apud
1559 2519 1712 2575 Strabonem
1722 2530 1749 2573 et

133 2606 287 2658 Ptolemaeus
302 2618 364 2653 curn
382 2597 511 2651 Strabone
530 2594 604 2657 dicit,
623 2595 719 2645 Noster
734 2594 919 2661 cognominem
962 2596 1130 2650 Ptolemenoi
1145 2614 1178 2649 er
1193 2594 1301 2659 eodem,
1321 2606 1350 2648 ut
1368 2592 1482 2657 videtur,
1496 2594 1569 2647 sonte
1579 2594 1747 2663 describitur,

134 2684 224 2737 lecerit
232 2684 291 2734 rien
299 2679 339 2732 rel
346 2676 445 2749 oppido
454 2673 656 2729 mediterraneo.
666 2673 816 2741 Utrumque
822 2689 921 2725 nomen
962 2674 1089 2745 majorem
1095 2692 1174 2745 quam
1184 2672 1329 2727 Stadiasmo
1338 2684 1429 2727 nostro
1438 2672 1517 2725 tidem
1528 2674 1642 2727 tribuere
1652 2686 1749 2731 temere

134 2765 168 2816 de
174 2760 267 2815 eodem
276 2760 335 2812 loeo
342 2756 462 2826 usurpari
469 2762 581 2824 poterat,
588 2769 672 2822 quum
681 2750 788 2820 γλαυκὸς
794 2750 921 2819 significet
963 2752 1036 2816 velis,
1044 2753 1165 2805 statueris
1170 2762 1215 2803 ant
1224 2751 1316 2803 alteras
1328 2750 1470 2821 Antiphras
1480 2750 1557 2803 luisse
1567 2753 1634 2805 inter
1645 2756 1749 2807 Derrim

134 2841 267 2900 ὓπόλευκος
281 2838 317 2907 (ν.
331 2838 419 2905 Ειρνυ.
429 2835 468 2885 Μ.
479 2849 506 2902 p.
518 2832 581 2894 233,
593 2846 636 2894 ao,
648 2830 708 2883 noll.
721 2829 918 2882 Eustath.in1l.
963 2842 990 2883 et
1007 2832 1158 2898 Glaucum(
1169 2831 1245 2883 sicuti
1258 2829 1307 2883 alia
1317 2828 1435 2881 locorum
1451 2830 1560 2882 nomina
1573 2832 1665 2902 saepius
1677 2850 1750 2903 repe·

135 2939 163 2991 p.
184 2923 244 2982 116,
258 2932 286 2969 11
299 2918 319 2985 ).
330 2912 410 2982 Quod
423 2911 577 2964 Ptolemaeus
587 2907 725 2977 distinguit
735 2908 804 2959 inter
814 2918 921 2978 portum
964 2920 1058 2964 tuntur
1078 2911 1105 2963 in
1132 2926 1179 2960 ora
1204 2908 1301 2978 Libyca
1316 2910 1343 2975 )‚
1364 2918 1410 2959 aut
1428 2906 1461 2959 da
1481 2908 1587 2960 nomine
1614 2910 1663 2962 rici
1672 2948 1680 2974 ,
1703 2913 1749 2982 qni

136 2995 297 3066 Ieumspida
306 3005 333 3046 ct
343 2993 472 3046 Glaucum
487 2990 576 3056 ricnm
589 2987 826 3048 mediterraneum,
840 2985 867 3037 id
879 3005 923 3040 ne·
964 2991 1098 3058 octoginta
1119 3005 1135 3039 a
1156 2987 1257 3040 Glauco
1268 2985 1351 3038 stadia
1367 2985 1467 3039 distans
1482 2988 1589 3040 narium
1610 2990 1749 3042 stationem

136 3080 190 3130 scio
199 3094 233 3128 an
245 3090 381 3145 perperam
394 3070 448 3122 liat.
460 3069 566 3120 Etenim
580 3066 684 3136 Libycae
691 3083 746 3118 orae
757 3065 922 3136 regionisque
966 3067 1069 3132 hahuit,
1080 3077 1214 3119 auctorem
1223 3065 1316 3135 peripli
1327 3083 1434 3118 errasoe.
1448 3065 1545 3118 Setiem
1559 3084 1620 3118 vero
1631 3067 1750 3121 locorum

136 3159 159 3210 ei
180 3155 306 3226 proxima
323 3149 465 3218 descriptio
484 3147 652 3198 vehementer
664 3143 735 3214 apud
752 3143 921 3198 Ptolemaeum
966 3165 1000 3199 ne
1015 3156 1110 3198 mutes.
1125 3144 1165 3197 Cl.
1180 3154 1236 3196 not.
1248 3142 1281 3195 ad
1291 3145 1339 3212 58.
1353 3145 1475 3197 Ceterum
1487 3144 1637 3216 Antiphrdu
1651 3149 1750 3200 mentio

137 3233 245 3285 laborat.
257 3233 349 3300 Neque
357 3225 474 3298 expediri
486 3221 801 3296 possuntimpedimenta,
813 3222 863 3273 nisi
871 3232 922 3275 sta·
965 3226 1081 3277 occurrit
1094 3225 1171 3276 etiam
1184 3224 1211 3274 in
1228 3221 1358 3292 Synodion
1372 3221 1513 3288 Gennadii‚
1530 3224 1622 3294 inqua
1636 3224 1750 3278 subscri·

136 3323 194 3365 tuas
204 3310 354 3365 adhibuisse
363 3317 499 3364 auctorem
507 3305 604 3374 partim
614 3301 729 3372 periples
738 3302 834 3372 partim
846 3301 922 3354 itine·
965 3301 1005 3354 bit
1018 3301 1131 3372 Apollon
1144 3299 1272 3370 Ἆντίρρων
1286 3301 1296 3367 (
1303 3301 1368 3368 sic).

136 3392 218 3454 raria3
229 3391 277 3442 hos
288 3398 376 3440 autem
389 3385 483 3447 fontes,
495 3399 580 3453 quum
593 3380 685 3432 eadem
702 3396 770 3449 saepe
783 3379 840 3430 loca
850 3397 922 3430 com·
1002 3382 1017 3447 S
1030 3383 1055 3432 8.
1072 3377 1125 3444 τὴν
1139 3379 1261 3449 Δέρραν
1274 3380 1283 3448 l
1295 3377 1323 3430 rb
1333 3379 1422 3448 Δέρραν
1435 3376 1533 3441 ουάοπ;
1546 3377 1575 3430 rb
1586 3378 1674 3448 dlppor
1684 3381 1750 3434 male

137 3478 322 3531 memorarent,
336 3483 422 3536 neque
432 3463 467 3516 de
480 3461 633 3515 nominibus
646 3477 732 3528 neque
742 3457 776 3510 de
793 3456 923 3510 distantiis
965 3456 1050 3511 edidit
1073 3459 1174 3510 Iriartc.
1196 3455 1318 3510 Straboni
1339 3467 1379 3510 ast
1393 3456 1474 3526 Δέρρις
1487 3456 1577 3526 himin
1597 3458 1751 3513 Ptolomeus

137 3549 236 3618 ubique
250 3556 422 3600 consentanea
436 3540 601 3614 prodidisse,
615 3536 730 3606 indeque
743 3536 840 3589 lactum
852 3553 921 3600 asse,
966 3545 1095 3588 memorat
1106 3535 1188 3605 Δέρριν
1203 3534 1289 3604 άκραν.
1305 3535 1388 3586 Vetus
1399 3551 1496 3590 nomen
1515 3536 1632 3602 agnoscis
1645 3537 1671 3588 in
1685 3537 1748 3591 hod.

137 3637 166 3679 ut
187 3626 273 3679 tabula
293 3623 461 3691 effingeretur
478 3635 574 3689 parum
587 3617 731 3677 concinna,
752 3615 780 3666 in
798 3629 851 3682 qua
864 3631 923 3683 quae
967 3613 1084 3666 orestes.
1097 3613 1226 3666 Distentis
1242 3611 1386 3665 stadiorum
1400 3611 1424 3680 ζ’
1437 3611 1446 3682 (
1457 3613 1494 3664 sic
1503 3613 1573 3664 enim
1589 3614 1638 3682 leg.
1650 3631 1698 3685 pro
1706 3615 1749 3686 ζ’)

137 3704 298 3774 conjunctim
307 3695 570 3773 ρουί’άο1ναλνιινι,νε1
580 3693 731 3747 nominibus
741 3689 781 3743 vel
791 3688 921 3744 distantiis
965 3693 1047 3745 nimia
1060 3702 1112 3756 est,
1132 3691 1153 3743 si
1172 3690 1248 3761 juxta
1270 3709 1344 3744 oram
1359 3692 1489 3754 metiaris;
1508 3700 1534 3742 at
1554 3708 1637 3760 quum
1657 3693 1691 3746 ab
1705 3713 1749 3748 oo-

136 3802 274 3854 perperam
286 3789 476 3852 separarentur.
486 3805 522 3816 -
532 3776 657 3827 Ceterum
668 3770 762 3825 strabo
773 3771 841 3821 inter
852 3771 921 3822 Leu-
964 3789 1028 3823 casu
1039 3770 1172 3823 hodierna
1184 3768 1291 3826 Drest'elt
1297 3768 1372 3839 juxta
1380 3769 1440 3822 litus
1447 3766 1620 3839 protendatur
1630 3769 1749 3828 brevium

137 3863 269 3934 caspidem
287 3873 314 3914 et
335 3862 493 3930 Cynossema
512 3855 577 3909 alios
596 3852 743 3922 complures
755 3867 811 3902 asse
830 3860 922 3920 portus
966 3860 1078 3913 tractus,
1094 3850 1167 3902 hunc
1188 3849 1210 3900 si
1230 3849 1444 3918 circumnavigata,
1465 3859 1534 3900 recte
1552 3848 1681 3901 obtinebis
1703 3851 1751 3902 iter

137 3943 230 4006 refert,
245 3940 318 4011 quod
330 3940 357 3991 in
370 3949 424 3990 tam
435 3937 509 3989 brevi
521 3933 606 4004 spatio
622 3929 828 3984 addubitaveris.
843 3930 922 3981 Octo·
966 3929 1110 3996 stadiorum
1127 3946 1170 3998 9⁰·
1190 3930 1279 3994 Quam
1295 3928 1388 3980 Strabo
1402 3945 1483 3997 prope
1502 3927 1604 3978 Derrim
1620 3938 1693 3979 notat
1706 3946 1750 3999 pe·

137 4023 209 4088 ginta
218 4021 306 4072 Nostri
315 4017 398 4070 stadia
406 4016 508 4068 ducunt
518 4011 553 4065 ad
566 4011 639 4065 Erab
652 4008 752 4070 Kallia,
764 4007 809 4060 ubi
821 4017 923 4059 exstant
965 4017 1034 4060 tram
1044 4010 1162 4076 nigram,
1173 4005 1244 4059 haud
1256 4005 1339 4058 dubie
1352 4021 1421 4056 unus
1432 4013 1471 4056 est
1481 4020 1495 4054 e
1507 4001 1612 4056 dnobus
1626 4006 1748 4076 scopulis,

138 4101 231 4152 ruina.
251 4101 321 4150 Num
343 4095 376 4147 ad
397 4093 511 4146 eundern
533 4093 622 4162 locum
644 4089 773 4158 pertineat
795 4084 920 4146 Mrrratd,
965 4103 1033 4156 quos
1049 4087 1135 4140 Pacho
1144 4103 1226 4157 prope
1238 4084 1347 4137 Dresielt
1357 4083 1472 4136 exhibet.
1483 4082 1564 4149 Quod
1577 4082 1750 4138 additStrabo

142 4203 153 4222 a
172 4178 283 4228 chateau
303 4175 430 4236 sarrano,
443 4173 511 4224 sitne
524 4187 575 4222 anx
589 4166 657 4220 bord
674 4165 709 4218 de
726 4165 750 4217 la
765 4161 863 4226 mena
883 4164 923 4214 six
966 4176 1068 4234 petram
1087 4166 1161 4216 istam
1182 4165 1259 4233 δέρρει
1274 4180 1322 4214 sen
1333 4162 1392 4232 pelli
1411 4160 1521 4212 similem
1533 4160 1627 4222 luisse,
1643 4161 1750 4214 sortasse

139 4257 233 4308 heures
248 4252 282 4305 dc
295 4252 411 4305 distance
425 4249 460 4303 de
468 4246 593 4301 Bourden
606 4243 714 4313 (Pacho
724 4243 743 4296 l.
759 4243 777 4294 l.
791 4259 817 4311 p.
834 4258 863 4292 11
876 4245 919 4309 ),ν
965 4245 1035 4296 inter
1046 4243 1117 4296 lusus
1126 4241 1314 4296 recensendum
1326 4251 1374 4304 est,
1393 4240 1488 4309 quibus
1497 4240 1632 4308 peregrina
1643 4241 1750 4294 nomina

138 4335 236 4386 nescio.
967 4324 1052 4376 Graeci
1064 4322 1193 4393 explicare
1202 4320 1367 4374 adamabant.
1379 4320 1501 4371 Ceterum
1514 4327 1560 4369 aut
1575 4335 1607 4368 ex
1616 4318 1665 4370 hac
1676 4330 1750 4389 petra

174 4419 189 4482 §
200 4420 216 4469 7
220 4455 227 4466 .
244 4413 304 4465 'hvr
313 4411 425 4482 ίρρας]
441 4413 456 4477 S
469 4411 485 4463 8
500 4407 582 4461 codex
593 4403 693 4476 praebet
707 4401 755 4456 άπδ
766 4403 809 4454 τοῦ
824 4396 922 4470 λντιρρ’
967 4401 1122 4454 Ptolomeus
1133 4400 1222 4452 secisse
1235 4397 1338 4451 ridetur
1346 4399 1427 4466 Δέρριν
1438 4395 1523 4465 dapar,
1540 4405 1585 4448 aut
1596 4397 1683 4465 potins
1691 4414 1751 4467 pro-

140 4495 210 4566 (sic).
228 4491 315 4546 Stadia
327 4494 361 4546 80
372 4489 475 4542 adeum
487 4486 589 4539 ducunt
601 4502 654 4536 orae
664 4483 761 4545 locum,
771 4481 818 4534 ubi
831 4481 858 4532 in
869 4497 925 4532 me·
968 4482 1130 4532 montorium
1142 4477 1289 4531 Jarneirnalr
1302 4477 1340 4528 vel
1352 4493 1438 4547 prom.
1451 4473 1608 4539 Hammeite,
1629 4473 1701 4544 quod
1712 4487 1751 4528 est

138 4573 293 4626 ‹literraneis
306 4572 386 4622 sitnm
405 4579 445 4621 ast
462 4564 665 4621 AbdnAltman.
683 4560 837 4615 Ptolemaeus
850 4559 924 4612 Anti·
968 4559 1044 4610 initio
1056 4557 1202 4627 sinuscjus‚
1215 4559 1242 4608 in
1256 4573 1311 4626 quo
1328 4556 1418 4610 Derris
1431 4553 1502 4605 locus
1519 4555 1583 4604 situs
1592 4563 1656 4618 erat,
1671 4553 1748 4608 etiarn

138 4653 217 4722 phras
228 4650 303 4721 ponit
311 4658 372 4719 post
382 4647 464 4717 Δέρριν
477 4645 552 4715 άκραν
569 4659 690 4697 occasum
709 4657 807 4692 versus.
822 4637 923 4690 Eodem
967 4639 1054 4708 ipsum
1069 4637 1160 4690 Derris
1176 4633 1335 4689 anonnullis
1347 4633 1504 4695 vocabatur;
1519 4641 1597 4700 atque
1609 4631 1663 4684 haec
1674 4649 1751 4684 causa

139 4731 200 4782 lacit
211 4728 304 4782 Strabo
315 4745 344 4798 p.
365 4745 431 4795 799,
446 4725 491 4794 qui
505 4723 539 4775 ab
552 4738 647 4774 occasu
659 4729 749 4772 ortum
763 4735 853 4769 versus
863 4733 925 4787 pro·
968 4715 1027 4778 tuit,
1038 4733 1086 4767 cur
1098 4717 1181 4786 ipsum
1189 4714 1266 4766 etiam
1275 4711 1379 4764 Derrim
1389 4710 1496 4780 ὕρορμον
1509 4707 1640 4760 stadiasmi
1648 4708 1681 4760 ad
1691 4727 1751 4779 prn-

76 4806 81 4818 ’
139 4808 258 4875 grediens
269 4809 306 4860 ita
314 4805 393 4860 babet
406 4821 413 4856 ε
425 4801 492 4856 Εἶτα
501 4799 687 4868 νῆσοςΣιδωνία
697 4797 706 4867 (
716 4796 733 4849 Ι.
744 4794 876 4866 uetusta)
887 4794 924 4845 λι·
967 4796 1130 4848 montorium
1140 4790 1246 4862 aliquod
1258 4789 1375 4842 nonnulli
1392 4786 1525 4841 transferri
1533 4784 1637 4839 vellent.
1647 4787 1689 4839 Sic
1704 4787 1751 4838 Pa·

141 4887 202 4953 μένα
215 4885 324 4954 ἔχουσα
341 4881 380 4936 εἶτ
399 4880 518 4951 Ἆντίρραι
532 4877 661 4951 (Ἀντίρρα
673 4875 758 4929 Strab.
774 4892 817 4944 ap.
832 4873 921 4943 Steph.
967 4874 1052 4943 chop.
1063 4877 1110 4934 14:
1125 4873 1249 4924 «strom
1259 4869 1292 4921 de
1299 4867 1415 4931 Dresielq
1425 4867 1520 4936 inquit,
1529 4865 1605 4930 olire,
1614 4865 1677 4916 ilest
1685 4867 1749 4929 rrai,

140 4965 194 5030 B.)
215 4963 300 5033 μικρὸν
318 4961 435 5031 ἀπωτέρω
450 4964 493 5026 τῆς
511 4959 646 5023 θαλάττης·
664 4955 746 5008 ἅπασα
760 4952 804 5022 μὲν
819 4949 835 5016 ἥ
853 4952 925 5020 χώρα
968 4970 1021 5004 une
1029 4949 1127 5020 grande
1139 4949 1256 5017 analogio
1269 4965 1330 5000 arec
1341 4947 1407 4998 celui
1424 4944 1459 4997 de
1472 4943 1572 5006 Derris,
1586 4954 1645 5013 port
1654 4954 1750 5012 etpro-

141 5041 201 5106 αὔτη
217 5040 261 5092 οὐκ
274 5040 375 5104 alienor,
387 5040 465 5094 πλείω
475 5038 610 5107 δεχομένου
623 5037 667 5087 τοῦ
680 5033 787 5103 κεράμου
801 5031 924 5082 θάλατταν
968 5021 1750 5096 montoirementionedparplusienrsauteutsMoislasitua-

141 5117 251 5184 ᾒοῖνον,
268 5121 297 5172 δν
317 5118 347 5184 δὴ
366 5121 469 5172 καλοῦσι
485 5116 587 5170 hiberin
604 5114 612 5185 (
627 5114 700 5184 βΰκαν
719 5114 758 5165 St.
772 5113 815 5174 tt,
842 5110 924 5178 βὺκιον
969 5111 1023 5162 tion
1033 5108 1066 5160 dc
1078 5106 1196 5167 l)rest'eh‚
1209 5105 1334 5158 calonne
1351 5101 1532 5170 dnnscegols,
1549 5101 1703 5162 nesaurmt,
1716 5119 1749 5152 en

141 5198 212 5267 conj.
224 5199 374 5266 Meinelte),
393 5195 457 5269 ᾦδὴ
475 5198 563 5267 καὶτῷ
575 5192 681 5264 ζύδῳτδ
695 5191 759 5245 πολὺ
770 5190 847 5260 φῦλον
865 5192 926 5258 χρῆ·
966 5204 1070 5240 aucune
1089 5184 1217 5247 inardere,
1236 5183 1361 5236 convenit
1380 5179 1395 5233 t
1415 5198 1450 5232 un
1470 5179 1663 5250 promontnire,
1683 5188 1708 5228 et
1721 5197 1750 5228 cc

141 5295 181 5329 ται
189 5281 238 5328 τῶν
253 5275 424 5338 Ἀλεξανδοέων
433 5295 438 5306 ·
448 5279 600 5344 σκώπτονται
610 5273 637 5325 δὲ
647 5271 752 5344 μάλιστα
761 5269 784 5321 si
796 5268 920 5339 'hrrlppar
968 5283 1030 5318 nom
1048 5265 1131 5334 parait
1143 5266 1211 5328 dtre,
1231 5279 1333 5314 comme
1345 5261 1472 5332 plusieurs
1485 5267 1584 5320 autres,
1602 5273 1653 5308 nnc
1668 5265 1748 5308 trans·
