3950 5925
234 412 291 465 290
619 434 624 441 ·
698 388 880 450 ANONYMI
905 387 1089 467 (Anattttt
1132 387 1186 449 UT
1208 387 1380 463 tantun)
1758 386 1849 463 'pet

232 536 365 602 καλεῖται,
379 529 410 585 τὰ
427 526 453 583 δὲ
467 520 671 603 παραθαλάσσια
689 518 874 598 Συραστρηνή.
921 519 1014 577 Πολυ-
1062 527 1195 582 maritima
1214 536 1302 579 autem
1315 526 1475 596 Syrastrene.
1514 526 1597 576 Ferax
1617 525 1689 592 regio
1703 523 1850 586 frumenti,

232 620 309 700 φόρος
321 618 347 676 δὲ
363 614 465 694 ἡχώρα
480 612 551 671 σίτου
563 609 608 669 καὶ
620 607 712 687 ὀρύζης
731 608 776 665 καὶ
791 606 880 665 ἐλαίου
900 604 1018 681 cacapi—
1061 614 1151 676 nrirac,
1165 612 1217 664 olei
1234 612 1366 675 sesamini,
1381 610 1484 681 butyri,
1500 610 1614 680 camasi,
1628 609 1769 680 multaque
1783 612 1820 663 iffi
1834 630 1851 663 ρ

232 732 276 768 νου
291 707 336 765 καλ
352 684 476 783 βουτόρου
491 700 537 759 καὶ
546 697 685 777 καρπάσου
695 694 741 753 καὶ
750 698 801 753 τῶν
812 694 838 763 ἐξ
853 696 933 764 αὐτῆς
945 693 1018 753 Ἰνδι·
1062 699 1183 768 gossypio
1207 696 1296 750 indico
1319 697 1375 749 tclae
1402 695 1580 749 conficiuntur
1604 706 1673 749 uotae
1696 696 1849 759 inferioris;

232 798 286 855 κῶν
299 792 403 853 ὀθονίων
417 792 468 847 τῶν
481 784 606 865 χυδαίων·
620 783 742 863 βουκολια
755 779 782 839 δὲ
792 783 818 839 ἐν
828 784 894 859 αὐτῇ
906 782 1018 839 πλεῖστα
1062 785 1187 836 armentis
1204 784 1276 852 regio
1289 782 1422 846 abundat3
1438 784 1509 835 viros
1522 783 1606 835 nutrit
1617 793 1716 835 statura
1729 784 1853 853 corporis

206 883 281 942 ml
296 880 387 960 ἄνδρες
409 873 591 952 ὖπῑρμῑγὲθῑῑς
604 876 643 951 τῷ
667 870 771 947 σώματι
796 870 842 927 καὶ
864 870 1019 946 μέλαντςτῇ
1065 869 1854 938 maximoscolorenigros.(laputoegioniffliumgfflufyss,

234 976 323 1049 γροιᾷ.
366 962 536 1041 Μητρόπολις
548 959 575 1017 δὲ
589 962 635 1029 τῆς
646 957 735 1037 χώρας
748 954 977 1035 Μιυυόγαρα,ἆρ’
988 946 1020 1025 ἧς
1064 974 1097 1009 ex
1110 974 1163 1027 qua
1175 956 1390 1025 tclzeegossypio
1406 954 1479 1007 iactae
1490 972 1570 1025 quam
1581 953 1708 1025 plur-imag
1720 956 1856 1025 naq-3273
1964 1039 1965 1048 ¹

235 1038 279 1115 >inl
293 1054 415 1113 πλεῖστον
427 1049 524 1109 όθόνιον
543 1050 579 1114 εἰς
599 1045 741 1124 Βορόγαζο
760 1045 914 1121 κατάγεται.
960 1044 1020 1103 Σώ-
1063 1043 1240 1097 devehuntur.
1276 1044 1423 1114 Supersunt
1441 1043 1594 1095 etiamnunc
1608 1041 1749 1095 Alexandri
1769 1061 1855 1113 erpe-

234 1147 306 1211 ζῑταῑ
322 1140 349 1199 δὲ
362 1140 400 1199 itt
412 1138 457 1197 ml
471 1142 517 1194 νῦν
531 1138 579 1205 τῆς
593 1132 760 1211 Ἀλυξάνδρου
780 1140 907 1211 στρατιᾶς
923 1138 1020 1206 σημεῖα
1065 1129 1174 1182 ditionis
1186 1130 1213 1181 in
1223 1130 1264 1181 his
1277 1128 1341 1181 locis
1354 1138 1536 1193 monumenta,
1548 1126 1640 1180 sacella
1652 1129 1759 1198 antiqua
1767 1139 1795 1181 et
1807 1146 1855 1181 ca-

234 1228 295 1307 nspl
308 1226 367 1293 τοὺς
376 1225 482 1295 τόπους,
493 1221 551 1301 ἱερά
571 1244 600 1279 τε
619 1222 718 1299 ἀρχαῖα
728 1218 774 1277 καὶ
791 1220 904 1293 θεμέλιοι
917 1241 1020 1296 παρεμ·
1065 1226 1180 1269 suorum
1203 1215 1373 1269 fundamenta
1390 1226 1418 1268 et
1434 1216 1507 1286 putei
1525 1216 1644 1268 maximi.
1681 1218 1855 1269 Praeternari-

198 1341 221 1375 ιο
236 1316 320 1375 όολῶυ
334 1313 380 1373 καὶ
394 1310 494 1392 φρέατα
507 1308 629 1385 μέγιστοι.
671 1306 705 1365 ‘0
719 1305 746 1363 δὲ
758 1305 912 1384 παράπλους
923 1304 1022 1375 ταύτης
1065 1304 1135 1372 gatio
1148 1301 1204 1373 ejus
1217 1314 1315 1356 tractus
1327 1303 1389 1355 inde
1404 1302 1575 1355 aBarbarion
1587 1319 1672 1372 usque
1689 1302 1725 1355 ad
1737 1303 1853 1373 Papioen

234 1407 281 1474 τῆς
293 1400 381 1481 χώρας
394 1397 446 1456 ἀπὸ
459 1400 504 1455 τοῦ
516 1396 686 1474 Βαρόαρικοῦ
700 1391 778 1471 μέχρι
786 1397 832 1451 τοῦ
845 1391 914 1451 κατὰ
928 1391 1020 1451 ’ilerd-
1042 1471 1044 1474 Ι
1066 1391 1279 1461 promontorium
1292 1407 1375 1461 prope
1389 1393 1530 1460 Astacapra
1544 1390 1572 1442 in
1586 1390 1708 1460 opposito
1715 1390 1858 1460 Barygazis

235 1512 326 1569 καπρα
340 1486 422 1567 πόρον
443 1482 604 1564 Βαρυγόζων
624 1481 801 1560 ἀκρωτηρίου,
814 1484 861 1551 τῆς
876 1480 1019 1558 λεγομένης
1066 1478 1143 1531 litore
1154 1479 1249 1542 ntum,
1260 1476 1405 1531 stadiorum
1418 1487 1458 1529 ast
1470 1486 1510 1529 ter
1521 1476 1601 1530 mille.

240 1578 374 1645 Ποντικῆς,
387 1572 442 1632 ἐστὶ
453 1572 566 1629 σταδίων
578 1568 735 1649 τριςχιλῖωυ.

276 1683 316 1726 tt.
334 1662 400 1721 Μεθ’
417 1652 448 1731 ἧς
466 1656 552 1737 ἕτερός
570 1660 625 1716 ἐστι
644 1656 754 1728 κολπος,
766 1655 819 1713 ἔσω
830 1653 970 1732 κυμάτων,
988 1656 1025 1719 εἷς
1102 1661 1148 1719 όν.
1168 1657 1232 1708 Post
1246 1655 1359 1725 Papicen
1379 1654 1445 1707 alius
1457 1656 1531 1707 sinus
1545 1655 1614 1707 intra
1627 1654 1755 1707 fluentum
1769 1655 1855 1724 impc-

196 1771 219 1809 ts
237 1748 316 1807 αὐτόν
330 1746 441 1805 ἐνδύνων
456 1744 499 1803 τὸν
515 1742 620 1823 βορέαν,
636 1732 665 1800 οὗ
679 1740 748 1799 κατὰ
763 1739 810 1816 μὲν
824 1740 854 1797 τὸ
873 1738 959 1815 στόμα
973 1742 1022 1809 νῆ-
1068 1751 1139 1806 tum,
1155 1757 1245 1791 versus
1262 1737 1591 1809 bomamtcndens‚cujns
1609 1738 1643 1791 ad
1658 1739 1755 1791 ostium
1768 1740 1856 1793 insola

238 1835 281 1902 σός
294 1837 363 1893 ἐστιν
383 1837 400 1904 ἡ
414 1832 543 1908 λεγομένη
566 1827 701 1900 Βονώνης,
722 1830 748 1886 ἐν
764 1825 792 1884 δὲ
810 1833 864 1891 τοῖς
885 1824 1024 1891 ἐσωτότοις
1067 1837 1107 1879 ast
1117 1824 1353 1888 Baeonesdicta,in
1363 1826 1467 1877 intumo
1475 1836 1563 1877 autem
1573 1842 1676 1877 recessu
1687 1826 1783 1877 fluvius
1791 1843 1855 1896 per·

237 1923 326 1989 τόποις
345 1920 464 1998 μέγιστος
481 1917 625 1995 ποταμδςό
642 1914 781 1992 λεγόμενος
802 1914 883 1979 Maii<-
923 1916 1023 1975 Τοῦτον
1068 1930 1195 1981 magnus,
1209 1912 1254 1981 qui
1267 1911 1335 1963 Mais
1345 1910 1498 1981 appellatur.
1535 1910 1615 1963 Hunc
1627 1912 1732 1975 sinum,
1751 1921 1856 1963 trecen-

242 2070 1842 2099 ---—-—----——·----—--·-—------—-—·

236 2168 406 2223 Ptolemaeum
427 2166 519 2220 Abiria
538 2183 594 2217 non
614 2164 696 2216 Indiae
708 2163 754 2215 scd
775 2162 951 2233 Indoscythiar¹
964 2180 1025 2233 pars
1069 2161 1147 2214 simili
1164 2160 1245 2213 modo
1255 2160 1381 2223 recurrit,
1394 2158 1461 2211 aden
1474 2169 1503 2211 ut
1515 2158 1638 2211 omnibus
1648 2160 1703 2212 istis
1713 2159 1777 2211 locis
1792 2178 1857 2213 cnm

237 2258 284 2299 cst.
296 2248 536 2315 Nomensupcrstcs
545 2260 600 2294 esse
611 2240 970 2309 videturintribuquaenunc
981 2257 1026 2292 νο-
1070 2240 1190 2293 Fabricio
1201 2240 1300 2299 τούτους
1311 2236 1488 2307 supplendum
1503 2255 1558 2289 msc
1569 2255 1623 2289 non
1637 2238 1671 2290 sit
1683 2256 1746 2290 vem
1759 2240 1854 2293 simile.

238 2337 313 2379 catur
320 2324 399 2377 Attr.
410 2325 476 2376 Eam
489 2322 597 2391 stirpem
608 2339 640 2373 ex
653 2320 746 2391 priscis
760 2321 831 2373 Ariis
843 2319 941 2372 Indicis
952 2336 1027 2389 repe·
1073 2320 1083 2386 ΙΙ
1096 2349 1132 2359 -
1143 2336 1184 2373 10.
1194 2319 1269 2370 Putei
1279 2318 1321 2369 isti
1331 2327 1358 2368 et
1364 2327 1510 2367 castrorum
1519 2316 1635 2385 reliquiae
1646 2333 1728 2386 quum
1738 2317 1772 2370 ad
1779 2319 1857 2372 Delta

238 2403 345 2457 tendam
353 2414 389 2467 et,
400 2419 483 2472 quum
496 2402 566 2452 eirca
572 2400 690 2469 emporia
698 2397 777 2469 hujus
787 2408 886 2451 tractus
895 2397 1027 2450 consedis-
1069 2397 1129 2449 Indi
1141 2398 1169 2450 il.
1184 2398 1341 2468 pertineant,
1351 2394 1431 2447 rerba
1442 2395 1497 2465 περλ
1505 2394 1561 2455 τοὺς
1573 2396 1661 2456 τόπους
1674 2396 1767 2449 codem
1776 2416 1855 2451 sensu

238 2493 286 2547 set,
308 2481 511 2535 celebratissimo
521 2479 549 2531 in
569 2479 790 2531 commerciorum
813 2478 920 2529 historia
941 2475 1028 2546 Opttr
1069 2474 1211 2529 dictasunt
1227 2492 1282 2545 quo
1293 2474 1416 2545 deinceps
1428 2473 1508 2527 verba
1524 2474 1613 2540 ταύτης
1623 2478 1667 2540 τῆς
1685 2477 1778 2545 χώρας.
1797 2478 1809 2545 ΙΙ
1821 2508 1858 2518 -

239 2562 341 2613 nomini
353 2576 443 2612 ansam
453 2556 594 2627 praebuisse
605 2566 694 2609 censet
706 2556 854 2619 Iassenius,
863 2552 937 2623 cujus
946 2554 1026 2607 ratio-
1073 2570 1115 2606 11.
1131 2552 1211 2605 κατὰ
1224 2551 1419 2622 ’λστάκαπρα
1432 2554 1526 2622 πέραν
1538 2552 1568 2606 Β.
1580 2554 1591 2623 ]
1604 2552 1666 2605 κατὰ
1676 2554 1738 2607 dora
1750 2555 1859 2626 κσλτρά-

238 2656 284 2691 nes
295 2636 420 2690 subducit
429 2637 544 2687 liitterus
558 2636 633 2697 le,
644 2651 673 2704 p.
686 2634 738 2701 39⁰
747 2650 805 2703 sqq.
823 2634 833 2701 ΙΙ
845 2662 881 2673 -
893 2649 916 2685 ι.
933 2632 1026 2701 Συνρα-
1070 2650 1144 2700 παραυ
1159 2634 1191 2685 Β.
1206 2632 1258 2684 hoc
1271 2632 1329 2685 loco
1342 2630 1436 2696 codex,
1453 2631 1499 2683 sed
1511 2630 1603 2699 ἰσότης
1619 2633 1653 2694 43
1667 2633 1696 2685 τό
1707 2634 1755 2702 πρὶν
1772 2632 1858 2687 ’λοπα-

240 2715 331 2784 στρηνή
345 2715 372 2767 h.
385 2715 403 2766 l.
418 2712 513 2777 codex,
525 2711 596 2779 scd§
607 2715 641 2775 tt.
651 2712 817 2781 Συροστρηνή,
830 2722 859 2765 ut
871 2711 1027 2764 Ptolemaeus
1070 2713 1188 2780 κόρπρωυ
1201 2710 1350 2780 ἀκροατήριον
1365 2710 1381 2775 ἥ
1396 2708 1492 2774 [lactari
1504 2709 1640 2781 λεγομένη.
1658 2711 1759 2765 Collato
1770 2714 1859 2767 Ptole·

238 2796 325 2857 Vll,1
341 2811 346 2845 :
362 2792 378 2858 ὴ
397 2791 423 2845 δὲ
437 2790 532 2861 περὶτὰ
546 2791 661 2860 στόματα
676 2793 720 2843 τοῦ
741 2789 821 2843 Ἰνδοῦ
834 2789 902 2855 καλὴ
916 2789 1027 2859 περλτδυ
1071 2807 1137 2841 maeo
1148 2791 1215 2853 VII,
1229 2792 1345 2855 1,§60,
1358 2789 1405 2841 ubi
1418 2787 1567 2860 λστόκσπροι
1578 2802 1749 2857 memoratur,
1761 2794 1860 2846 Nostra

240 2870 316 2921 liduit
336 2869 429 2923 κόλπου
443 2868 609 2938 Συραστρηυή.
632 2867 707 2919 Idem
729 2868 868 2938 Σνρόστραυ
889 2870 975 2939 κώμην
992 2867 1027 2920 ad
1070 2878 1243 2920 correxerunt
1260 2866 1383 2919 editores.
1407 2869 1460 2920 Pro
1473 2869 1558 2937 πόρου,
1577 2870 1650 2938 quod
1668 2870 1752 2923 codex
1767 2871 1857 2935 habet,

239 2948 333 3002 Canthi
338 2950 426 3002 sinum
436 2956 519 3000 notat.
526 2948 628 3000 Sanscr.
637 2946 845 3017 regiosnrdrtm,
853 2947 871 3000 i.
880 2965 904 3000 e.
915 2965 1027 3016 regnum
1071 2948 1159 3001 nescio
1170 2965 1218 3000 cur
1227 2945 1342 3000 ἀπέναντι
1352 2946 1463 3000 voluerit
1476 2946 1616 3000 Salmasius
1627 2947 1735 3019 ejusque
1745 2960 1857 3004 sectato·

239 3028 372 3099 pulcrum.
395 3029 405 3097 ll
426 3058 462 3068 -
476 3033 503 3080 6.
524 3027 728 3097 Μινυάγοιρα]
748 3025 866 3078 Eandem
884 3025 977 3078 urbem
993 3026 1028 3078 ad
1071 3045 1123 3080 res.
1138 3029 1179 3079 De
1191 3027 1244 3078 situ
1261 3026 1311 3078 loci
1330 3025 1451 3079 dissentit
1471 3025 1637 3091 Ptolomeus,
1657 3029 1701 3081 cui
1716 3031 1861 3101 Astampia

240 3107 365 3160 orientale
378 3107 445 3160 latus
454 3105 584 3158 Namnadi
598 3105 671 3159 lluvii
683 3105 792 3157 collocat
803 3105 966 3158 Ptolemaeus.
975 3106 1027 3157 Ra·
1072 3107 1098 3158 in
1113 3105 1309 3157 mediterrancis
1326 3123 1342 3157 a
1356 3107 1474 3175 Syrastra
1488 3107 1547 3158 rico
1560 3107 1668 3160 boream
1682 3126 1782 3161 versus.
1796 3111 1808 3178 ll
1823 3141 1860 3151 —

240 3186 311 3238 tione
322 3195 392 3238 caret
405 3184 478 3256 quod
492 3183 711 3237 Schwanbechius
724 3202 773 3236 nec
788 3201 843 3236 non
855 3182 952 3254 Benley
970 3183 988 3236 l.
1007 3183 1025 3236 l.
1074 3185 1115 3236 13.
1127 3184 1266 3249 Πσπικῆς
1278 3184 1287 3253 ]
1301 3184 1518 3236 Promontorium
1527 3183 1579 3237 hoc
1587 3186 1684 3238 iterum
1695 3199 1860 3240 memoratur

241 3263 380 3334 (dubitans
387 3263 490 3334 tamen)
503 3263 572 3315 hanc
582 3264 763 3331 Minnagaram
774 3261 1028 3314 nondiversamesse
1071 3261 1141 3313 inira
1153 3265 1168 3329 S
1179 3263 1224 3324 43.
1239 3263 1362 3315 Ceterum
1382 3261 1493 3327 Ποντικῆς
1507 3263 1616 3317 nomine
1628 3283 1683 3317 non
1696 3265 1782 3318 solum
1794 3285 1859 3336 pro-

241 3353 334 3413 putant
347 3361 361 3396 a
372 3345 526 3411 Minnagara
539 3340 715 3412 Indoscythiae
735 3339 769 3392 ad
786 3337 885 3392 Indum
897 3339 1026 3401 ssuvium3
1072 3342 1236 3394 montorium
1246 3341 1468 3412 appellatumcsse
1476 3341 1590 3405 videtur,
1599 3342 1733 3397 sedetiam
1742 3344 1860 3414 projecta

241 3421 373 3474 Ptolemaei
393 3423 465 3474 enim
491 3437 649 3474 consensum
673 3437 729 3472 non
759 3419 847 3487 magni
867 3417 1026 3481 laciendum,
1071 3420 1096 3471 ei
1107 3419 1280 3490 scopulorum
1292 3421 1453 3489 taenia,quae
1462 3420 1791 3489 indeaGngelimeridiem
1801 3443 1860 3478 rer·

240 3500 338 3569 qu'qspe
356 3499 402 3567 qui
417 3515 464 3550 sua
486 3515 501 3548 e
523 3499 620 3550 Nostro
640 3495 823 3566 desumpserit.
835 3499 1027 3563 Argumentum
1071 3515 1117 3550 sus
1127 3515 1180 3551 orae
1193 3498 1375 3570 pretenditur.
1394 3498 1530 3552 Fabricius
1543 3503 1671 3554 Guzerate
1681 3502 1796 3570 regionis
1808 3521 1860 3555 no-

242 3577 376 3628 sententiae
389 3593 443 3628 non
465 3574 618 3638 attulerunt,
634 3591 719 3643 neque
738 3583 832 3644 praesto
850 3572 928 3625 luisse
939 3575 1028 3626 cristi·
1072 3593 1133 3628 men
1149 3576 1272 3629 Indicum
1291 3575 1325 3629 ad
1343 3578 1557 3648 promontorium
1578 3577 1736 3632 transferens
1753 3582 1860 3651 scripsit

241 3673 305 3706 mes.
318 3656 385 3706 Sanc
393 3652 500 3724 quidem
509 3671 592 3722 quum
602 3653 755 3722 Minnagara
766 3650 893 3721 significet
904 3653 1027 3707 Sacarum
1072 3657 1185 3725 Λαρικῆς.
1205 3654 1286 3722 Quod
1298 3673 1352 3708 non
1371 3673 1568 3720 memorassem,
1583 3658 1633 3710 nisi
1650 3676 1748 3711 nomen
1764 3661 1860 3714 Ritteri

243 3731 346 3798 urbem,
357 3730 492 3784 nllcndere
501 3733 563 3784 urbs
576 3733 658 3802 possit
670 3733 698 3784 in
709 3733 815 3800 regione
826 3749 906 3802 quam
917 3751 975 3785 vere
984 3736 1028 3786 In-
1072 3735 1083 3801 (
1090 3734 1166 3798 XIV,
1183 3751 1212 3805 p.
1221 3734 1287 3804 393)
1296 3734 1428 3787 conamini
1437 3753 1486 3788 sno
1495 3746 1594 3790 temere
1606 3737 1789 3807 pmtcndcrct.
1805 3743 1861 3808 Ι]-

240 3809 326 3863 dicnm
352 3820 444 3864 auctor
463 3809 539 3863 dicit.
560 3812 704 3863 Enimvero
723 3828 806 3881 quum
827 3811 891 3862 olim
917 3829 1028 3884 regnum
1075 3813 1353 3882 13.τρισχιλίωυ].
1362 3815 1417 3866 Ter
1427 3815 1498 3866 mille
1508 3815 1592 3868 stadia
1604 3815 1709 3869 indeah
1720 3818 1861 3872 ludiostio

240 3889 395 3959 Scytharum
408 3888 459 3942 late
472 3891 606 3959 patuisset,
619 3907 673 3941 non
687 3899 726 3942 σου
738 3907 786 3942 cur
802 3889 980 3959 lilinnagaram
1000 3893 1028 3944 in
1072 3892 1197 3944 Recdelet
1206 3891 1346 3945 Barbarion
1355 3910 1426 3963 cmp.
1437 3893 1562 3963 usquead
1574 3897 1786 3963 promontorium
1798 3915 1859 3967 per·

241 3966 304 4020 hod.
319 3970 446 4020 Guzerate
458 3968 602 4032 miremur;
619 3985 680 4020 nam
700 3969 804 4020 tertiam
815 3970 894 4022 etiam
905 3967 961 4038 ejus
978 3987 1028 4022 no·
1072 3971 1157 4023 tinent
1169 3969 1242 4040 quod
1253 3988 1332 4040 supra
1345 3971 1561 4025 Dinalmlncum
1572 3975 1715 4042 procurrit.
1728 3976 1860 4028 Promon-

241 4047 318 4100 minis
329 4046 421 4100 urbem
434 4045 468 4100 ad
482 4048 656 4115 Gangeticum
669 4047 758 4100 sinum
770 4048 926 4102 Ptolcmaeus
938 4047 1034 4103 affert..
1072 4051 1141 4101 torio
1152 4048 1253 4119 adjacet
1263 4049 1431 4120 scopulorum
1445 4052 1531 4115 taenia,
1545 4049 1642 4116 Παπικὴ
1656 4053 1749 4123 peripli
1761 4058 1859 4108 nostri.

241 4127 339 4178 Eversn
353 4125 509 4194 Scytharum
523 4125 649 4196 imperio,
673 4127 783 4178 nomina
808 4137 897 4180 tamen
920 4127 1027 4181 urbium
1072 4128 1142 4180 Hinc
1154 4127 1189 4180 ad
1202 4127 1310 4180 boream
1323 4146 1371 4181 ora
1390 4129 1481 4195 flectit,
1495 4131 1620 4200 sinusque
1637 4143 1785 4186 coarctamr
1798 4153 1860 4187 ean-

240 4202 419 4272 Scythicarum
435 4203 591 4268 mauehaut;
603 4204 680 4256 sicin
692 4215 791 4257 antece.
803 4206 936 4274 regionem
948 4223 1028 4276 quam
1072 4205 1185 4277 demque
1204 4206 1258 4260 lere
1270 4206 1435 4258 latitudinem
1448 4224 1532 4277 usqne
1546 4208 1580 4261 ad
1592 4210 1716 4262 intimum
1727 4228 1860 4265 remmam

240 4281 329 4334 Parthi
342 4281 443 4351 Scythis
454 4283 615 4352 eripuerant,
632 4282 765 4352 Scythiam
783 4294 882 4348 tamen,
894 4293 921 4336 et
929 4287 1028 4354 regiam
1071 4286 1177 4338 retinet.
1191 4286 1267 4338 Hanc
1280 4286 1431 4338 interiorem
1444 4287 1517 4338 sinus
1529 4297 1633 4358 partem
1643 4298 1736 4342 auctm
1748 4290 1862 4360 appellat

239 4361 421 4429 Minnagaram
432 4361 556 4430 appellari
571 4361 694 4414 vidimus.
705 4363 737 4414 In
748 4366 876 4415 Gaurate
892 4363 979 4434 prisca
986 4383 1028 4417 re·
1073 4361 1156 4432 ἕτερον
1164 4363 1257 4416 κόλπου
1269 4362 1519 4434 (τόπουοοόστςοτο.
1528 4368 1693 4431 ManncrtV‚
1704 4384 1728 4432 r,
1739 4385 1766 4438 p.
1780 4371 1861 4437 16⁵);

240 4440 281 4506 gia
302 4437 392 4505 Uget'n,
410 4437 503 4504 Ὀζηνη
514 4439 679 4505 Graecorum,
695 4457 710 4492 a
721 4441 824 4510 Scythis
837 4458 927 4494 eversa
938 4440 1026 4506 inerit,
1072 4443 1158 4511 aptius
1168 4443 1276 4496 dixisset
1284 4441 1411 4511 ἐνδότερον
1418 4444 1527 4509 κόλπους
1538 4445 1584 4498 sed
1594 4446 1658 4500 illud
1666 4449 1762 4518 potnit,
1773 4465 1862 4518 quum

240 4517 306 4570 adeo
323 4527 353 4570 ut
374 4516 505 4570 Indorum
522 4535 605 4587 reges,
627 4530 779 4589 recuperata
799 4521 892 4590 patria,
910 4521 1028 4590 primum
1071 4521 1267 4590 Barygazenum
1278 4522 1366 4574 sinum
1380 4523 1468 4574 statim
1486 4525 1671 4593 postBaraoen
1681 4525 1795 4596 incipere
1805 4539 1864 4580 sta·

241 4597 400 4664 Minnagara
430 4595 570 4665 degerent„
593 4615 677 4667 usque
707 4597 772 4650 dum
797 4601 885 4651 Ozene
910 4601 1029 4653 restituta
1072 4600 1152 4650 tuerit
1178 4598 1238 4669 (Cl.
1264 4599 1396 4652 Ptolemaei
1421 4600 1561 4672 tabulas),
1587 4602 1706 4673 adeoque
1727 4604 1864 4676 quidquid

240 4681 323 4733 esset;
334 4674 453 4726 restituta
461 4685 549 4726 autem
560 4677 586 4728 in
596 4677 733 4746 pristinam
744 4675 896 4745 dignitatem
905 4675 961 4746 jam
972 4690 1029 4732 crat
1072 4678 1190 4746 sequitur
1201 4677 1264 4729 inde
1275 4677 1310 4730 ab
1321 4678 1474 4731 occidentali
1484 4683 1612 4733 Gaurana
1620 4681 1762 4753 peninsula
1771 4690 1865 4733 extre-

241 4751 373 4804 Ptolcma‘i
396 4763 485 4816 aetate,
507 4755 553 4824 qui
569 4757 675 4806 anucn
698 4754 816 4807 Hastand
835 4755 933 4828 regiam
952 4755 1026 4810 dicit.
1073 4758 1331 4820 mitate,conomine
1340 4757 1556 4827 comprehendat.

239 4831 392 4898 Minnagara
412 4847 494 4900 quum
513 4849 555 4902 ap.
572 4833 741 4886 Ptolcmaeum
759 4831 896 4885 ameridie
910 4833 943 4887 sit
961 4835 1028 4886 Orc·
1107 4838 1121 4901 S
1138 4840 1189 4902 tt,
1203 4834 1222 4887 l.
1243 4839 1286 4898 tl..
1305 4835 1366 4888 ἔσω
1377 4838 1521 4906 κυμάτων
1536 4839 1546 4909 ]
1563 4841 1652 4892 nescio
1671 4857 1705 4892 an
1720 4838 1867 4901 suerite'ssm

240 4907 572 4972 nes,collooendavidetur
585 4909 694 4963 adhud.
707 4910 814 4972 ladam,
835 4912 861 4962 in
874 4912 914 4963 vin
924 4929 982 4982 quac
994 4913 1027 4964 ab
1071 4917 1119 4964 τῶν
1131 4915 1256 4983 κυμάτων.
1271 4917 1281 4982 ΙΙ
1297 4945 1333 4955 -
1349 4920 1391 4968 16.
1405 4916 1569 4988 Βαιώυης]
1588 4917 1666 4987 vtdgo
1678 4919 1789 4972 insulam
1803 4920 1867 4972 Dirc
1964 4976 1965 4989 ,

245 4985 325 5052 Ugciu
338 4986 412 5040 ducit
423 4987 456 5040 ad
467 4987 635 5040 Namnadum
649 4988 809 5058 (Nerdubda
824 4990 962 5057 )ssuvium,
973 5009 1028 5061 quo
1072 5009 1143 5044 nunc
1159 4993 1257 5046 dictam
1271 4994 1429 5062 intelligunt,
1449 5014 1509 5066 quae
1527 4998 1555 5048 in
1573 4999 1751 5051 narrationem
1764 5000 1867 5068 peripti
1964 5002 1965 5027 ³

241 5079 339 5114 merces
361 5064 388 5114 in
410 5065 540 5134 Barygaan
560 5067 708 5136 etnporium
730 5066 934 5121 devehebantur.
959 5070 969 5136 ΙΙ
992 5099 1028 5110 -
1072 5072 1181 5124 minime
1199 5073 1320 5142 quadrat.
1344 5073 1448 5126 Iudicat
1470 5086 1563 5128 auctor
1582 5075 1694 5128 insulam
1718 5078 1866 5145 exiguam,
1964 5084 1966 5139 ζ

240 5141 354 5209 perspi
368 5143 605 5214 [τούτους]τοὐς
624 5147 710 5206 τόπους
724 5165 775 5198 scr.
795 5147 942 5210 Fabricium
962 5148 1024 5200 sort.
1071 5168 1145 5219 quac,
1170 5153 1307 5220 ereginnc
1331 5152 1481 5208 Nerdttlrbae
1498 5154 1587 5215 fluvii,
1612 5158 1741 5207 Guzemte
1764 5158 1867 5225 pettin-
1964 5180 1965 5211 i

242 5228 326 5293 recte,
342 5237 502 5290 quamquam
520 5223 545 5274 id
566 5223 637 5293 quod
660 5225 742 5276 codex
764 5226 870 5295 praclict,
886 5228 1027 5297 sepissime
1071 5229 1133 5282 sulae
1146 5229 1256 5299 adjacet.
1276 5234 1285 5299 ll
1300 5262 1335 5272 -
1352 5249 1394 5301 ¹7·
1409 5233 1504 5302 Μάῖς]
1523 5233 1602 5285 hodic
1617 5235 1695 5288 Medi
1714 5253 1750 5288 ou
1769 5235 1866 5304 Μόνη
1964 5218 1965 5279 l
