3950 5925
255 454 382 499 xxtVttt

908 427 1206 489 ruotuuoateut.

253 564 372 623 Graciae
387 558 565 639 geographia
574 558 725 619 Homerica
740 556 791 617 alii
806 554 979 633 logograplri
993 556 1036 614 lu·
1054 556 1121 629 ,cis
1135 553 1281 635 ιἰντιγραρὴ
1290 575 1348 611 uon
1359 568 1434 613 esset
1444 554 1563 613 diversa
1577 574 1593 612 a
1606 556 1715 633 scripto
1727 556 1763 618 de
1777 557 1865 615 llera·

254 662 430 721 calentiores
444 654 645 735 suppetebant.

295 759 342 817 51.
353 753 537 814 llactenusdc
548 750 869 829 Scylacelogographo.
878 750 957 809 Alter·
970 751 1038 827 Scy·

253 846 1037 929 laxCaryandensisestmathematicusetmusicus,qui

254 962 355 1005 contra
368 944 484 1022 Polybii
499 944 650 1001 historiam
664 941 794 1019 scripsit,
805 954 925 999 testante
934 941 1034 1001 Suida.

253 1045 316 1101 Non
331 1044 478 1102 diversum
494 1039 530 1099 ab
545 1060 657 1099 coesse
680 1039 830 1117 Scylacem
854 1038 1036 1097 Halicarnas-

253 1161 345 1213 scrrur,
366 1139 543 1213 astrologum
567 1151 594 1195 et
620 1138 718 1198 uirum
748 1135 890 1207 πολιτικὸν,
916 1136 1037 1194 l'anaetii

254 1238 424 1294 lirrrrilirrrem
438 1234 485 1316 (ιιι
498 1234 601 1292 Cicero
618 1236 636 1294 Ι.
654 1234 676 1293 Ι.
693 1232 813 1311 tradit),
828 1252 893 1290 cum
908 1231 1037 1289 Niebuh-

254 1334 298 1390 rio
312 1334 331 1393 l.
345 1334 365 1391 l.
382 1354 411 1413 p.
434 1332 486 1389 125
502 1343 530 1389 ct
549 1328 765 1389 Gutschruidtio
782 1330 832 1403 liu
851 1330 941 1385 Ildcin
959 1332 1035 1385 Mus.

258 1432 343 1507 1853,
360 1444 380 1489 t.
398 1428 447 1501 lli,
467 1451 496 1508 p.
514 1430 588 1505 146)
606 1440 712 1485 statuas
732 1425 940 1503 probabiliter.
958 1424 1037 1481 Scri-

252 1529 346 1605 psisse
370 1528 454 1585 etiam
472 1525 583 1583 (licitur
597 1525 629 1579 τὰ
651 1522 718 1580 κατὰ
733 1518 910 1599 Ἡρακλείδην
924 1518 966 1576 τὸν
980 1522 1038 1578 lllu·

253 1624 342 1681 laci‘u
376 1620 497 1701 βασιλέα.
536 1620 714 1678 lllernmatur
742 1630 835 1674 autern
870 1616 1038 1674 Heraclides

253 1719 374 1795 quidam
392 1716 564 1795 Mylasensis
582 1718 660 1795 apud
683 1714 862 1772 llerodotunr
876 1713 911 1783 V,
939 1735 988 1770 ιιι
1007 1715 1036 1770 in

253 1816 375 1873 historia
395 1814 466 1871 belli
479 1812 583 1872 lonici.
600 1812 712 1869 Etenim
725 1810 816 1868 Cares
830 1823 981 1887 postquam
1000 1811 1038 1866 ad

253 1910 397 1988 llarsyam
414 1910 536 1968 flurium
549 1922 578 1966 et
592 1910 696 1966 iterum
713 1907 749 1963 ad
772 1906 953 1965 Labrandaa
968 1906 1037 1963 l‘er·

252 2008 301 2063 sis·
312 2004 422 2063 cladem
444 2004 586 2074 tulerant,
607 2002 713 2061 deinde
724 2001 861 2059 damnum
874 2001 905 2059 id
916 2002 1037 2059 resarci-

253 2112 370 2159 rerunt.
385 2094 531 2176 Πυθίριινοι
542 2096 592 2177 γὰρ
606 2101 640 2163 ὡς
661 2097 848 2176 στρατεύεσθαι
865 2095 1001 2172 ὡρμέατοι
1013 2098 1036 2153 ol

252 2194 356 2275 Πέρσαι
365 2194 409 2252 ἐπὶ
422 2194 469 2261 σάς
482 2194 557 2259 πόλις
569 2190 666 2272 opimi,
678 2191 810 2271 ἐλόχησαν
822 2190 868 2261 τὴν
883 2193 909 2249 ἐν
921 2190 1039 2269 Πηδάσῳ

252 2290 322 2359 ὁδὸν,
337 2292 362 2355 ἐς
376 2288 422 2359 τὴν
434 2288 593 2363 ἐμπισόντες
610 2290 635 2345 ai
648 2286 750 2367 Πέρσαι
759 2285 850 2351 νυκτὸς
862 2285 1038 2365 διεφθάρησαν

252 2386 299 2441 οιαὶ
309 2383 382 2441 edroi
391 2382 437 2441 ari
447 2382 625 2462 σίστρσιηγολ
636 2384 732 2453 αὐτῶν,
741 2381 873 2459 Δαυρίσης
881 2380 926 2438 καὶ
939 2379 1037 2460 Ἀμόρ-

252 2502 300 2553 γης
314 2481 359 2536 καί
375 2477 541 2552 Σισιμάκης·
563 2476 610 2535 σὺν
624 2476 651 2535 δι’
670 2498 716 2554 σφι
735 2475 848 2533 ἀπίθανα
864 2476 909 2533 καί
932 2474 1038 2553 Μύρσος

253 2576 381 2651 dlii-pur.
394 2574 448 2633 Τοῦ
463 2571 490 2631 δὲ
502 2573 586 2649 λόχοιο
592 2569 685 2629 τούτου
695 2568 802 2647 ἡγεμὼν
811 2562 842 2641 ἦν
855 2568 1039 2649 Ἡρακλεί-

253 2670 309 2739 δης
326 2668 535 2739 ’liridi-ros,
551 2666 632 2745 ἀνὴρ
645 2666 832 2733 Μυλασιιίς.
860 2666 1038 2725 Fortassedc

253 2768 308 2824 lroc
330 2765 491 2835 lleraclitle,
508 2766 562 2823 etsi
586 2784 645 2822 non
659 2783 737 2840 rege,
752 2765 863 2823 dixisse
876 2764 1037 2841 Scylacem,

254 2884 312 2921 nou
328 2882 395 2921 eum
410 2876 504 2920 tamen
527 2881 613 2939 qrrem
627 2860 730 2919 Suidas
744 2860 841 2932 lrabet,
855 2861 906 2919 sed
930 2861 1038 2939 peripli

252 2973 396 3020 auctorem
408 2962 459 3036 qui
472 2958 582 3016 vixerit
595 2956 729 3038 Philippi
741 2957 932 3036 temporibus,
943 2959 1039 3036 suspi-

253 3071 335 3115 catur
355 3053 535 3114 Niebulrrius
561 3055 580 3112 l.
607 3055 627 3112 l.
651 3074 681 3132 p.
709 3056 775 3114 nte
794 3054 937 3113 Similiter·
964 3054 1038 3113 Gut-

252 3150 451 3210 sclmridtiusl.
467 3150 487 3206 l.
500 3150 611 3218 statuit,
625 3149 682 3208 nisi
693 3149 772 3226 quod
782 3148 890 3207 librum
903 3149 993 3207 refert
1002 3149 1038 3207 ad

252 3249 400 3324 Scylacem
416 3247 487 3304 belli
499 3245 592 3303 lonici
607 3247 759 3323 aequalem.
772 3246 870 3316 Quum
882 3246 956 3304 alter
971 3245 1038 3303 lna·

252 3343 328 3402 bolis
351 3343 430 3402 lilius
446 3343 560 3400 Oliatus
576 3361 652 3400 unus
677 3342 764 3400 suerit
777 3361 814 3399 ex
828 3340 957 3400 ducibus
968 3341 1038 3400 Per·

252 3460 364 3511 sarurn,
375 3459 461 3516 quem
475 3458 540 3498 erun
553 3439 620 3496 aliis
631 3437 798 3496 lonicarum
808 3437 925 3496 urbium
942 3453 1041 3516 tyran-

241 3536 298 3594 .rris
320 3537 351 3592 iu
366 3534 460 3592 classe
473 3531 544 3590 dolo
568 3531 790 3610 comprehendit
811 3531 848 3594 ab
868 3534 1039 3609 Aristagora

252 3633 359 3692 missus
375 3631 559 3705 latragoras,
576 3630 809 3694 Gutsclrrrridtius
832 3630 952 3708 conjicit
972 3647 1039 3709 post

1081 650 1157 708 clide
1180 668 1266 727 rege,
1284 653 1397 727 quippe
1414 649 1447 706 in
1466 668 1526 725 quo
1540 668 1605 725 quae
1623 648 1660 707 de
1682 651 1738 709 hoc
1763 653 1866 727 regulo

1081 766 1184 824 parum
1199 758 1276 803 recte
1283 744 1426 821 Polybius
1440 763 1573 803 narrasse
1585 745 1746 821 rideretur,
1759 748 1866 825 Scylax

1081 854 1249 919 exponeret.
1258 839 1466 919 Mylasensium
1477 840 1610 918 regulum
1619 843 1679 903 illis
1684 845 1867 923 temporibus

1083 937 1171 995 fuisse
1186 955 1243 993 non
1261 949 1305 994 est
1327 938 1392 995 veri
1418 935 1571 997 dissimile.
1591 937 1660 995 Nam
1673 952 1741 1017 post
1755 939 1865 998 bellum

1082 1030 1286 1089 antiochicum
1299 1030 1644 1107 llouranillylasensibus
1653 1036 1863 1093 immunitatem

1082 1139 1287 1209 concesserunt
1303 1127 1372 1202 (an.
1390 1127 1454 1183 188.
1464 1124 1569 1203 Polyb.
1583 1125 1676 1197 xttt,
1692 1149 1741 1200 27,
1762 1137 1789 1196 l·
1809 1129 1864 1187 Li—

1082 1223 1149 1281 vius
1167 1220 1324 1293 xxxvto,
1346 1219 1416 1300 39),
1434 1233 1521 1299 atque
1545 1241 1591 1280 res
1611 1242 1713 1280 eorum
1728 1224 1865 1301 deinceps

1081 1319 1188 1377 eximie
1203 1320 1330 1377 crevisse
1344 1338 1380 1375 es
1391 1338 1427 1377 eo
1439 1331 1517 1397 patet
1526 1318 1605 1396 quod
1621 1339 1701 1377 anuo
1711 1322 1762 1391 167
1776 1320 1866 1397 lllyla-

1081 1435 1179 1475 senses
1211 1415 1434 1475 Euromensium
1456 1414 1576 1494 oppida,
1597 1436 1662 1495 quae
1685 1416 1865 1477 Rhodiorum

1081 1510 1204 1569 ditionis
1223 1524 1317 1584 erant,
1338 1524 1531 1589 occuparunt,
1546 1524 1575 1569 et
1595 1510 1701 1569 deinde
1722 1532 1780 1570 uua
1798 1534 1865 1571 curu

1083 1606 1279 1667 Alabandeuis
1290 1621 1392 1665 contra
1406 1607 1586 1665 Rhodiorum
1599 1609 1758 1678 exercitum
1773 1611 1866 1669 aciem

1082 1704 1226 1763 instruere
1240 1703 1391 1763 auderent.
1404 1704 1470 1773 Quo
1483 1716 1577 1761 tamen
1590 1704 1696 1783 proelio
1710 1722 1867 1769 eraserunt

1082 1800 1328 1879 inferioreslbiv.
1340 1799 1427 1871 XLV,
1444 1798 1703 1877 sevonum,
1714 1802 1741 1869 5,
1751 1824 1762 1861 1
1771 1826 1794 1863 ι.
1806 1803 1866 1881 iil.

1083 1896 1235 1975 lleliquam
1245 1896 1452 1973 Mylasensium
1467 1896 1633 1968 historiam,
1647 1898 1765 1975 Polybii
1777 1899 1866 1959 libris

1082 1993 1253 2070 deperditis,
1266 1981 1446 2069 ignoramus]
1460 1993 1602 2053 Praeterea
1616 2008 1710 2052 autem
1721 1995 1758 2053 ad
1769 1996 1801 2053 id
1815 2010 1865 2053 at-

1082 2087 1257 2147 tendendum
1283 2102 1339 2161 est,
1359 2089 1440 2167 quod
1458 2090 1562 2149 Suidas
1579 2104 1718 2167 quattuor
1735 2091 1868 2170 Scylacis

1081 2205 1171 2263 opera
1195 2198 1345 2245 enumeret
1367 2186 1472 2244 ordine
1495 2185 1613 2245 hocce:
1643 2188 1791 2266 Πιρίπλιον
1814 2193 1867 2247 τῶν

1081 2280 1155 2349 ἐκτὸς
1163 2285 1215 2341 τῶν
1223 2281 1387 2360 Ἡρακλείων
1398 2284 1511 2355 στηλῶν·
1522 2282 1566 2344 Τὰ
1583 2282 1653 2341 κατὰ
1664 2286 1711 2355 τὴν
1722 2283 1866 2363 Ἡρακλεί-

1082 2378 1129 2447 δην
1141 2378 1185 2436 τὀν
1199 2378 1334 2439 Molaria
1348 2377 1471 2457 βασιλέα·
1483 2382 1536 2447 Γῆς
1546 2378 1679 2459 περίοδον·
1693 2379 1865 2461 Ἀντιγρσρὴν

1082 2474 1145 2554 πρὸς
1163 2474 1211 2546 ι-λν
1227 2478 1264 2536 ll.
1280 2476 1407 2555 ἱστορίαν.
1420 2475 1455 2533 ln
1467 2476 1577 2553 quibus
1597 2476 1723 2535 offendit
1742 2478 1867 2537 alterurn

1082 2571 1245 2649 periplum,
1265 2570 1351 2649 cujus
1364 2584 1565 2647 argumentum
1581 2592 1639 2632 uon
1657 2573 1808 2645 delinitur,
1828 2574 1868 2631 ab

1082 2668 1174 2725 altero
1183 2670 1326 2746 separari,
1336 2668 1508 2746 interposito
1520 2668 1630 2745 scripto
1637 2668 1786 2727 historico.
1797 2668 1868 2727 Janr

1082 2767 1108 2823 si
1122 2785 1232 2823 morenr
1248 2765 1346 2824 Suidae
1365 2767 1500 2837 noveris,
1514 2777 1618 2842 sponte
1630 2765 1758 2823 nascitur
1768 2765 1866 2841 suspi-

1082 2862 1129 2919 cio
1140 2861 1280 2920 accidisse
1287 2862 1315 2919 ei
1325 2861 1380 2919 hoc
1390 2880 1506 2940 quoque
1515 2861 1592 2931 loco,
1604 2860 1683 2937 quod
1694 2861 1730 2919 de
1742 2874 1783 2919 tot
1799 2862 1870 2921 aliis

1082 2960 1247 3036 querimur,
1261 2972 1293 3017 ut
1305 2959 1441 3018 scilicete
1451 2956 1571 3022 duobus
1583 2957 1684 3018 lexicis
1694 2978 1746 3018 sua
1757 2979 1866 3018 torua-

1082 3055 1165 3126 dens,
1182 3055 1282 3116 eadem
1300 3055 1420 3134 scripta,
1436 3055 1468 3114 iu
1477 3055 1569 3117 altero
1583 3055 1662 3115 sonte
1680 3057 1745 3115 aliis
1765 3056 1869 3114 verbis

1083 3152 1221 3226 indicata,
1237 3152 1286 3212 bis
1304 3166 1425 3231 poneret
1443 3151 1618 3230 diversaque
1640 3171 1703 3212 esse
1723 3167 1868 3214 censeret.

1082 3246 1214 3308 (letemur
1230 3269 1286 3326 pro
1304 3248 1443 3328 capiulre<
1453 3251 1499 3320 τῆς
1513 3247 1587 3314 ἐκτὸς
1600 3249 1660 3308 tal.
1673 3261 1723 3308 aut
1736 3252 1782 3318 τἠς
1795 3247 1870 3313 ἐντὸς

1082 3356 1131 3402 aut
1152 3364 1216 3402 cum
1233 3343 1336 3402 Vossio
1355 3356 1385 3402 et
1400 3341 1562 3402 Niebuhrio
1583 3345 1629 3414 rig
1649 3341 1718 3408 ἐντὸς
1732 3342 1778 3402 καί
1792 3343 1869 3408 ἐκτὸς

1083 3441 1234 3516 legendum
1249 3442 1315 3512 erit,
1329 3460 1423 3518 neque
1438 3439 1514 3504 alius
1533 3459 1621 3517 quam
1639 3439 1770 3518 Scylacis
1782 3441 1868 3518 logo-

1082 3538 1185 3616 graphi
1199 3537 1329 3616 per-iplrrs
1344 3535 1549 3612 intelligendos
1562 3555 1625 3594 esse
1634 3536 1763 3597 ridetur.

1123 3635 1249 3694 sabini
1256 3632 1503 3712 descriptoribus,
1510 3632 1869 3711 quibusScylacisuonren

252 3728 538 3806 dejectumilliatum
554 3725 732 3803 Mylasenses
753 3725 843 3784 alium
859 3724 917 3784 sibi
939 3739 1038 3804 tyran·
1083 3731 1173 3790 luisse
1202 3743 1325 3790 constat.
1347 3727 1463 3788 Acoedo
1488 3729 1524 3787 ad
1546 3730 1691 3808 periplunr
1719 3730 1771 3805 qui
1793 3730 1869 3788 salso

252 3845 322 3883 nunr
339 3844 391 3884 seu
407 3841 503 3899 regem
517 3843 643 3894 creasse,
671 3823 788 3880 fratrem
809 3824 930 3900 prior-ip,
948 3825 1038 3882 llera·
1081 3827 1194 3904 Scylaci
1206 3827 1386 3886 attribuitur.
1397 3828 1509 3884 Auctor
1522 3823 1597 3906 ejus,
1611 3838 1728 3904 sumpto
1738 3824 1777 3882 ab
1793 3823 1868 3882 ller-

252 3922 356 3982 clidem
367 3921 435 3998 ,qai
445 3941 510 3978 curu
524 3920 597 3998 ipsis
611 3932 713 3978 contra
720 3920 823 3980 Persas
835 3920 967 3982 stetisset.
981 3921 1038 3978 Sed
1082 3925 1158 3983 culis
1181 3927 1318 3984 columna
1336 3923 1479 4002 Europaea
1492 3922 1594 3994 initio,
1605 3925 1704 3981 obiter
1717 3935 1817 3981 monet
1830 3922 1869 3978 de

253 4036 353 4096 parum
376 4016 432 4074 lroc
446 4013 615 4094 probabile,
639 4034 728 4092 quum
755 4015 920 4074 llerodotus
944 4016 1039 4073 tradat
1081 4018 1869 4099 Carthaginiensiumadoceanumborealememppriis,

253 4127 444 4189 tyrannorum
456 4111 486 4168 in
498 4110 593 4168 locum
612 4130 664 4188 por
678 4109 809 4184 singulas
820 4109 908 4167 urbes
924 4133 1037 4188 στρατη·
1082 4118 1380 4196 ultr-aquaenavigari
1404 4128 1545 4194 nequeat;
1567 4114 1673 4173 deinde
1690 4134 1771 4172 oram
1796 4115 1869 4198 legit

252 4207 313 4282 γοὺς
321 4207 530 4284 sirepraetores
542 4204 714 4264 substitutos
724 4225 795 4266 esse.
808 4205 955 4283 Scylacem
967 4225 1038 4264 vero
1082 4234 1138 4272 mar
1146 4215 1171 4272 is
1184 4214 1291 4272 interni
1303 4213 1475 4292 Europaeam
1488 4210 1629 4286 usquead
1640 4209 1776 4280 Tanaim,
1788 4208 1869 4267 unde

253 4303 465 4382 logograplrum
482 4303 688 4382 particularem
712 4302 863 4362 historiam
885 4305 1038 4382 scripsisse
1078 4310 1164 4388 juxta
1175 4309 1252 4368 Asiae
1264 4307 1422 4384 Libyaeque
1432 4307 1519 4366 litora
1529 4305 1606 4364 redit
1620 4304 1657 4362 ad
1671 4304 1775 4362 fretum
1792 4304 1868 4362 ller-

252 4401 289 4464 de
306 4400 393 4460 rebus
403 4403 492 4478 gestis
507 4401 565 4460 viri
583 4401 741 4472 coaetanei,
754 4421 771 4458 a
785 4400 892 4460 veteris
902 4403 1038 4478 logogra·
1081 4406 1207 4475 culeum,
1218 4424 1270 4482 per
1283 4405 1363 4480 quod
1373 4405 1405 4462 iu
1418 4422 1558 4468 oceanum
1572 4401 1715 4478 Libycum
1729 4419 1868 4490 egressus

253 4498 329 4576 plria·
342 4499 470 4570 ratione,
482 4498 596 4574 qualern
607 4497 757 4570 novimas,
769 4509 826 4553 taur
838 4496 965 4556 alienum
980 4512 1035 4566 est,
1081 4501 1215 4579 usquead
1228 4499 1333 4560 Lixum
1342 4499 1620 4560 fluriumethrnen
1633 4497 1770 4570 lnsulatn,
1778 4516 1867 4573 quam

172 4648 174 4651 .
253 4593 328 4664 ιιι,σί
344 4605 444 4650 testata
455 4613 502 4652 res
513 4606 598 4663 esset,
615 4612 792 4670 magnopere
805 4593 991 4662 miraremur,
1001 4594 1038 4652 de
1081 4619 1160 4656 mare
1176 4599 1238 4657 luto
1250 4597 1432 4662 obstructum
1446 4596 1573 4676 excipit,
1587 4595 1724 4654 lectorem
1737 4593 1868 4654 deducit.

252 4687 422 4764 conjectura
440 4700 533 4746 autern
556 4689 613 4748 tale
640 4688 712 4767 quid
735 4690 886 4748 literarum
907 4689 1039 4749 hisrortae
1083 4696 1116 4755 ln
1135 4695 1261 4770 singulis
1275 4693 1410 4774 partibus
1425 4694 1497 4752 satis
1511 4691 1598 4753 habet
1614 4694 1798 4750 recensuisse
1814 4711 1869 4748 no·

253 4783 364 4842 inter-re
382 4781 523 4842 absonum
548 4785 632 4845 soret.
646 4787 743 4856 Quare
756 4787 788 4845 in
798 4787 895 4845 Suidae
908 4789 1037 4846 testimo·
1082 4793 1162 4850 rrriua
1176 4790 1368 4868 populorum,
1388 4789 1562 4858 llrtvioruru,
1577 4786 1754 4866 oppidorum
1770 4787 1870 4844 ruari-

253 4879 303 4936 uio
313 4878 500 4956 acquiescens
517 4878 554 4938 de
573 4879 727 4938 lleraclide
738 4882 839 4958 regulo
862 4881 1035 4955 Curioque·
1081 4887 1240 4958 timorum,
1274 4885 1421 4944 interdurn
1450 4885 1537 4943 etiam
1566 4883 1870 4953 rnediterraneoranrr,

252 4975 314 5036 scio
331 4995 403 5052 quo,
416 4974 569 5054 scripsisse
584 4995 689 5036 censeo
701 4977 869 5054 Scylacem,
882 4977 964 5055 cujus
976 4992 1038 5038 erat
1083 4984 1193 5044 insulas
1207 4983 1349 5062 potiores,
1361 4996 1390 5040 et
1408 5002 1473 5059 quae
1487 4982 1546 5038 sint
1560 4981 1731 5040 distantiaea
1745 4981 1873 5054 regione

252 5070 426 5152 ηάντιγραρὴ
437 5071 501 5150 πρὸς
511 5070 558 5143 τὴν
573 5072 706 5134 Πολοὸίου
719 5075 848 5153 ἱστορίαν.
863 5075 1035 5153 eujusmodi
1082 5079 1117 5136 sd
1137 5079 1298 5153 regionem,
1318 5078 1365 5134 vel
1387 5097 1405 5134 a
1425 5077 1595 5135 continente
1606 5075 1643 5133 ad
1661 5075 1807 5146 insulam,
1820 5075 1871 5152 yel

253 5167 411 5250 ιἰντιγραραλ
424 5189 514 5247 qrrrrrn
533 5171 564 5227 in
582 5169 737 5229 erroribus
757 5171 932 5250 quibusdam
954 5175 1038 5231 rclcl·
1081 5180 1117 5233 ab
1132 5196 1183 5232 ora
1198 5175 1233 5232 ad
1258 5175 1358 5234 urbem
1381 5174 1632 5232 mediterraneam.
1652 5169 1873 5247 Nonnusquam

253 5262 347 5346 lcrulis
366 5279 562 5338 versu-emur,
579 5267 662 5326 lacile
682 5269 745 5326 lieri
765 5283 870 5345 potest,
892 5284 922 5328 ut
936 5269 1035 5346 Scylu·
1082 5286 1176 5331 tartrcn
1192 5290 1283 5347 pauca
1297 5269 1386 5329 rerba
1397 5269 1433 5328 de
1454 5289 1486 5327 rc
1500 5269 1639 5328 lristorira
1658 5267 1702 5324 rel
1719 5265 1872 5342 ruytlroln-
