3950 5925
167 385 225 435 ‘Ait
552 374 692 433 151110111
713 372 932 433 CllAllACENl
957 374 1141 434 PARTlllAE
1162 373 1401 435 DESCRIPTIO.
1574 338 1584 363 ί
1741 380 1791 452 (ο.)

166 504 290 583 4βασίλεια
305 506 414 566 Σακῶν·
428 504 473 563 καί
489 502 600 575 πλησίον
615 501 791 581 Ἀλεξάνδρεια
803 502 876 569 πόλις
891 504 956 581 (καὶ
1002 530 1079 576 rum,
1093 531 1228 583 propeque
1240 513 1399 567 Alexandria
1411 513 1473 565 iubs
1489 516 1500 582 (
1513 532 1561 566 nec
1575 514 1666 585 procaci
1676 515 1792 568 Alexan-

167 593 279 664 πλησίον
289 591 512 672 Ἀλεξανδρόπολις
523 591 598 657 πόλις
612 593 634 668 )·
649 594 738 666 κῶμαι
748 590 775 647 δὲ
790 588 826 657 ἕξ.
1001 597 1118 669 dropolis
1132 598 1195 651 urbs
1206 599 1231 670 );
1248 600 1297 651 vici
1312 600 1391 652 etiam
1403 618 1459 651 sex,

211 702 246 743 ιν.
268 679 403 740 Ἐντεῦθεν
425 678 641 759 Ἀραχωσία,
657 682 757 757 σχοῖνοι
774 678 827 744 λς’.
847 678 954 749 Ταύτην
1040 704 1081 755 19.
1105 688 1175 739 Hine
1198 687 1397 750 Arachosia,
1416 687 1516 739 scboeni
1538 688 1582 739 36.
1603 690 1678 741 Hanc
1698 691 1789 743 Partiri

167 766 197 827 δέ
214 771 238 827 ol
261 769 361 845 Πάρθοι
384 766 497 837 Ἰνδικὴν
520 764 625 837 Λευκὴν
646 768 785 825 καλοῦσιν·
807 766 867 825 ἔνθα
890 769 956 827 Bur
1000 786 1104 839 Indiam
1117 787 1213 840 Albam
1231 786 1377 858 appellanr3
1393 786 1439 838 ubi
1458 788 1519 858 Biyt
1538 788 1602 840 urbs
1616 799 1642 841 ,η
1655 790 1789 843 pgamna

169 858 244 921 πολις
266 854 312 913 καί
335 854 467 934 Φοίρσανα
493 855 568 922 πόλις
587 854 632 913 καί
654 854 796 932 Χοροχοδιδ
814 854 888 921 πολις
910 856 955 913 καί
1001 886 1065 939 urbs
1082 897 1108 939 et
1130 886 1305 939 Chorochoad
1324 886 1388 938 urbs
1407 897 1434 938 et
1451 888 1597 940 Demetrias
1621 888 1695 941 urb&
1719 892 1789 942 Mn

171 940 327 1021 Δημητριδις
357 942 444 1007 πόλις·
466 932 523 999 εἶτα
543 940 782 1020 Ἆλιξανδρόπολις,
798 943 956 1021 μητρόπολις

169 1028 344 1110 Ἀραχωσίας·
365 1028 421 1088 ἔστι
446 1029 473 1087 δὲ
498 1028 636 1101 Ἑλληνὶς,
659 1029 704 1088 κα“ι
722 1037 850 1109 παραρρεῖ
874 1028 955 1100 αὐτὴν

169 1117 286 1195 ποταμὸς
300 1116 457 1198 Ἀραχωτός.
475 1114 552 1199 Ἄχρι
565 1117 655 1177 τούτου
668 1117 738 1177 ἐστίν
753 1120 829 1189 ἡτῶν
843 1116 955 1198 Πάρθων

171 1204 336 1285 tumulum,
1001 1198 1098 1250 estsub
1112 1197 1270 1250 Parthorum
1284 1198 1405 1268 imperio.
1429 1280 1432 1287 Ι

1000 989 1228 1061 Alexandropolis,
1237 989 1388 1059 metropolis
1398 990 1558 1055 Arachosiae;
1567 991 1658 1042 Graeca
1666 1001 1706 1043 est
1711 992 1787 1056 urbs,

1001 1112 1111 1165 eamque
1125 1093 1279 1165 praeterlluit
1289 1094 1373 1145 amnis
1387 1094 1544 1149 Arachotus.
1559 1096 1702 1167 Hucusque
1715 1098 1789 1167 regio

170 1373 352 1455 Ἰσιδώρου
379 1376 584 1454 Χαρακηνοῦ
608 1373 752 1451 σταθμοί
776 1373 956 1453 Παρθικοί.
1057 1376 1185 1428 Isidori
1210 1376 1392 1429 Characeni
1411 1376 1554 1427 statbmi
1574 1377 1736 1429 Partbici.

483 1571 644 1595 -mo-
1317 1569 1501 1593 w·

342 1702 516 1763 ΠᾸΡΘΙΑΣ
539 1702 785 1764 ΠΕΡΙΙΙΓΗΣΙΣ.
1173 1717 1359 1776 PARTlllAE
1381 1716 1616 1778 DESCRIPTIO.

211 1888 251 1927 σο.
264 1876 397 1926 Athenaeus
407 1878 454 1937 111,
466 1889 493 1939 p.
507 1882 555 1937 9³,
568 1879 590 1925 D
603 1895 608 1924 :
623 1866 754 1947 Ἰσίδωρος
768 1870 813 1926 δ’ὁ
827 1870 955 1948 Χαρακη-
1036 1893 1082 1930 no.
1104 1875 1221 1928 Isidorus
1237 1875 1404 1927 Cbaracenus
1428 1875 1457 1927 in
1476 1874 1589 1927 Parthia
1611 1873 1790 1947 descriptione

170 1954 215 2021 νδς
229 1958 255 2014 έν
266 1957 305 2034 τῷ
316 1959 361 2025 τῆς
374 1952 492 2034 Παρθίας
507 1956 693 2035 Περιηγητικῷ
703 1954 771 2014 κατὰ
785 1956 813 2013 τδ
828 1956 957 2036 Περσικὸν
1002 1966 1030 2017 in
1050 1965 1154 2017 Persico
1175 1964 1242 2015 mari
1259 1962 1339 2015 tradit
1359 1961 1469 2015 insulam
1490 1980 1545 2015 esse
1570 1962 1720 2033 quandam,
1740 1966 1789 2018 ubi

173 2042 288 2121 πέλαγος
299 2041 378 2114 νῆσόν
392 2064 470 2122 φησιν
483 2031 550 2099 εἷναί
561 2065 630 2115 τινα,
641 2042 702 2101 ἔνθα
716 2043 843 2115 πλείστην
854 2066 956 2124 μαργο·
1002 2050 1122 2121 plurimae
1139 2050 1305 2119 reperiantur
1323 2050 1478 2117 margarita.
1497 2051 1589 2119 Itaque
1611 2049 1705 2103 multas
1718 2052 1789 2104 circa

175 2132 239 2210 piru
268 2127 443 2209 εὑρίσκεσθαι.
468 2128 565 2209 Διόπερ
579 2128 685 2207 σχεδίας
709 2130 857 2206 καλαμίνας
883 2132 957 2211 πέριξ
1002 2156 1060 2192 eam
1078 2139 1189 2191 insulam
1208 2139 1302 2190 versari
1321 2138 1472 2207 seapbasex
1490 2137 1620 2191 arundine
1639 2139 1787 2203 consectas,

175 2209 240 2277 εἶναι
253 2221 300 2288 τῆς
314 2216 407 2290 νήσου,
421 2215 447 2285 ἐξ
462 2209 499 2276 ῶν
511 2216 721 2291 καθαλλομένους
735 2219 771 2283 εἷς
789 2216 837 2289 τὴν
856 2218 957 2276 θάλασ-
1001 2227 1127 2297 equibus
1145 2228 1173 2278 in
1194 2243 1266 2278 mane
1286 2225 1434 2278 desilientes
1447 2226 1567 2279 hominos
1587 2226 1621 2279 ad
1639 2228 1730 2296 viginti
1748 2228 1789 2281 ul·

174 2328 223 2362 σαν
236 2304 277 2361 ἐπ’
298 2301 403 2380 ὀργυιὰς
421 2302 517 2361 εἴκοσιν
544 2304 681 2384 ἀναφέρειν
705 2306 810 2371 διπλοῦς
835 2303 955 2383 κόγχους.
1002 2331 1098 2366 narum
1117 2310 1300 2375 altitudinem,
1321 2322 1458 2383 reportent
1479 2311 1596 2383 duplices
1617 2312 1634 2383 (
1646 2313 1789 2383 utentem)

174 2389 369 2462 Φθσ1δ’,ύταν
388 2390 494 2470 βροντίίλ
506 2394 623 2468 συνεχεῖς
635 2380 684 2449 ὦσι
699 2388 862 2469 κα1ύμὸρων
877 2392 956 2469 έκχύ·
1003 2403 1125 2455 conchas.
1142 2403 1226 2455 Aiunt
1248 2417 1424 2471 “umqum
1445 2403 1572 2455 continua
1591 2404 1707 2455 tonitrua
1724 2404 1789 2455 inci.

176 2502 241 2554 ⁶⁵²5,
258 2478 317 2537 τότε
336 2480 436 2556 μᾶλλον
458 2476 507 2548 τὴν
518 2476 612 2535 πίνναν
626 2476 707 2549 κύειν,
721 2476 767 2535 καί
779 2476 904 2547 πλείστην
919 2475 958 2553 γέ·
1003 2490 1071 2543 dunt
1081 2501 1107 2543 et
1115 2491 1212 2560 largior
1220 2489 1368 2543 effunditur
1379 2490 1473 2555 imber,
1486 2501 1544 2543 turn
1559 2492 1641 2559 magis
1650 2492 1789 2561 concipere

174 2572 280 2644 γνεσθαι
294 2572 451 2645 μαργαρῖτιν
460 2564 506 2623 καί
516 2564 653 2641 εὐμεγέθη.
668 2566 722 2624 Τοῦ
736 2562 764 2622 δὲ
779 2568 907 2644 χειμῶνος
922 2567 958 2631 εἶς
1001 2578 1112 2646 pinnas,
1135 2586 1163 2629 et
1184 2576 1310 2646 plurimas
1331 2577 1403 2645 gigni
1420 2577 1571 2645 margaritas
1598 2578 1786 2648 maximasque.

172 2653 220 2719 πδις
248 2650 384 2729 ἐμθνθίους
406 2650 527 2727 θαλάμας
553 2651 635 2709 δύνειν
659 2650 780 2709 εἰώθασιν
804 2655 831 2709 αἱ
856 2650 955 2709 πίνναι·
1002 2663 1096 2715 Hieme
1110 2663 1138 2714 iu
1158 2661 1305 2733 profundos
1324 2663 1404 2714 maris
1426 2663 1540 2731 gurgites
1562 2661 1678 2731 demergi
1700 2666 1789 2734 pinna·

173 2739 260 2819 θέρους
287 2738 314 2797 δέ
334 2737 381 2806 σδς
404 2740 451 2815 μέν
474 2738 568 2807 νύκτας
602 2738 731 2819 κεχήνασι
756 2739 957 2818 διανηχόμεναι,
1001 2748 1095 2812 solent,
1106 2758 1193 2801 astate
1203 2766 1265 2800 vero
1273 2759 1355 2801 noctu
1367 2748 1469 2801 hiantes
1480 2749 1549 2801 ultro
1558 2750 1677 2819 citroque
1687 2762 1787 2815 natant,

173 2827 273 2907 ἡμέρας
295 2826 322 2885 δέ
341 2826 460 2903 μύουσιν.
501 2826 585 2887 ΙὈσαι
603 2827 625 2885 δ’
646 2827 677 2888 δν
692 2826 831 2907 πέτραιςῆ
850 2828 958 2887 σπιλοίσι
1003 2834 1120 2887 interdiu
1131 2834 1257 2888 claudunt
1272 2846 1359 2889 testas.
1373 2840 1447 2903 Quot
1460 2853 1550 2889 aarum
1568 2838 1649 2907 petris
1662 2838 1789 2907 scopulis·
1862 2906 1866 2911 Ι

175 2918 354 2998 προσφυῶσι,
370 2915 695 2996 ριζοθολοῦσι,κοίνταῦθα
718 2914 876 2987 ἐνδῦσαιτὴν
890 2940 957 2998 μαρ·
1003 2938 1055 2992 que
1075 2920 1222 2985 adhaesere,
1238 2920 1340 2975 radices
1353 2933 1444 2992 agunt,
1467 2923 1555 2994 ibique
1573 2923 1631 2976 lixae
1652 2936 1788 2977 manentes

174 3013 277 3084 γαρῖτιν
293 3007 413 3080 γεννῶσι.
446 3007 638 3081 Ζωογονοῦνται
651 3003 679 3063 δὲ
695 3003 741 3062 καί
765 3004 902 3085 τρέφονται
917 3005 959 3064 διὰ
1003 3012 1170 3080 margaritam
1181 3011 1296 3081 pariunt.
1305 3012 1489 3064 sustentantur
1497 3021 1584 3064 autem
1597 3022 1624 3063 et
1635 3014 1789 3066 nutriuntur

174 3099 220 3150 τοῦ
254 3091 523 3172 προσπεφυκότοςτῇ
557 3092 635 3171 σαρκί
664 3091 768 3172 μέρους.
809 3096 894 3154 Τοῦτο
931 3094 959 3154 δέ
1003 3100 1045 3151 sui
1058 3109 1132 3170 parte
1145 3098 1274 3169 quadam,
1289 3117 1348 3170 quae
1365 3101 1438 3153 carni
1453 3099 1584 3163 adhaeret;
1600 3100 1790 3154 adnataeaest

175 3179 328 3260 συμπέφυκε
346 3183 385 3261 τῷ
400 3185 446 3240 τοῦ
464 3180 562 3260 κόγχου
579 3179 710 3258 στόματι,
729 3180 815 3260 χηλὰς
834 3181 894 3260 ἔχον
914 3182 960 3242 καί
1004 3186 1045 3237 ori
1059 3184 1176 3250 conchae,
1189 3183 1294 3238 sorliees
1309 3185 1407 3238 habens
1418 3196 1444 3238 et
1451 3186 1541 3240 cibum
1553 3188 1686 3255 ingerens;
1699 3198 1790 3257 estque

174 3264 256 3342 νομὴν
269 3266 397 3348 εἰσφέρον.
440 3266 477 3328 Ὃ
496 3267 529 3338 δή
544 3269 615 3326 ἐστιν
630 3267 713 3334 ἐοικδς
723 3267 841 3348 καρκίνῳ
854 3272 959 3349 μικρῷ,
1003 3273 1096 3326 similis
1108 3290 1190 3343 parvo
1205 3291 1310 3338 οιιιιωο,
1323 3284 1350 3326 et
1362 3273 1547 3345 pinnoplrylax
1558 3285 1676 3328 vocatur.
1690 3275 1732 3328 Ab
1741 3275 1791 3328 hac

173 3521 210 3532 —··
234 3489 467 3564 Ἀλεξάνδρεια]
490 3493 555 3546 bod.
581 3494 734 3558 ἱππασίαν,
762 3504 793 3548 ut
816 3497 960 3566 perproba·
1006 3498 1113 3550 Bibrost
1131 3499 1282 3561 Putoullalr,
1306 3499 1426 3567 Φάρσανα
1441 3499 1528 3561 ctat-i,
1545 3499 1787 3570 Χοροχοὰδῐοιιιί,

173 3568 260 3623 bilitcr
282 3580 400 3626 statuunt
422 3573 535 3642 [apicus
558 3583 584 3625 et
607 3574 779 3642 Droysenius.
806 3575 960 3627 Etiamnum
1004 3576 1144 3646 Δημητριὰς
1155 3577 1316 3646 Hourumzyi
1332 3577 1440 3646 barini,
1458 3575 1668 3648 ’λλεξανδρόπολις
1677 3578 1740 3631 urbs
1754 3579 1789 3632 ad

173 3655 231 3725 ejus
242 3657 315 3710 urbis
325 3658 440 3726 origines
450 3656 482 3710 ab
492 3657 741 3711 AlexandroIncolae
751 3669 883 3728 repetunt.
895 3662 961 3727 Quae
1005 3654 1092 3706 Lomt
1103 3655 1112 3725 (
1128 3651 1264 3724 Ἀραχωτδν
1279 3658 1290 3723 )
1304 3657 1362 3708 sita.
1377 3658 1429 3709 Pro
1443 3656 1520 3709 libitu
1529 3655 1586 3709 haec
1606 3658 1715 3727 impune
1734 3659 1789 3710 cui·

174 3745 323 3805 sequuntur
334 3737 409 3790 uncis
415 3736 516 3790 inclusa
526 3755 541 3788 e
552 3735 729 3807 dittographia
740 3747 797 3790 orta
806 3755 871 3803 esse,
883 3749 962 3809 atque
1002 3748 1054 3801 que
1067 3732 1196 3786 adornare
1207 3732 1275 3786 licet·

177 3822 247 3864 neoto
266 3811 371 3880 ejecisse
393 3815 424 3865 Β.
450 3812 599 3866 Fabricium
611 3831 714 3867 censeo.
730 3815 961 3885 Dmyseniusnon
1038 3815 1106 3880 Sao.
1119 3813 1185 3864 τότε
1210 3811 1377 3882 μᾶλλοντ.
1394 3812 1638 3881 πίννανκύειν].
1652 3814 1790 3867 Contraria

176 3891 253 3958 longe
264 3889 297 3942 ab
307 3889 464 3944 Alexandria
477 3909 568 3945 revera
574 3892 652 3946 aliam
660 3894 753 3946 urbem
764 3892 961 3965 Alexandropo·
1002 3890 1044 3942 his
1053 3890 1152 3943 Plinius
1166 3891 1215 3953 tx,
1228 3890 1259 3951 54
1275 3907 1281 3941 :
1294 3889 1323 3942 Si
1327 3889 1458 3956 fulguret,
1472 3891 1611 3962 comprimi
1623 3891 1743 3952 conchas,
1756 3910 1789 3943 nc

175 3967 212 4021 lia
226 3967 311 4036 (hod.
330 3969 607 4040 aetat-t-Gttdsctir)
624 3970 703 4024 fuisse
712 3974 811 4034 statuit,
824 3989 963 4042 argumen·
999 3987 1051 4041 pm
1054 3968 1152 4038 jejunii
1165 3967 1240 4020 modo
1253 3967 1337 4020 minui
1346 3989 1356 4029 ι
1366 3968 1392 4019 si
1407 3986 1467 4020 θέω
1480 3968 1561 4020 etlam
1572 3969 1695 4032 tonuerit,
1705 3970 1787 4041 perri·

175 4047 275 4100 tatione
299 4065 363 4100 usus
383 4047 533 4102 infirmiori.
564 4051 662 4120 Lapico
683 4049 899 4122 Alexandropolis
923 4062 962 4103 est
1003 4046 1093 4099 (Iasae
1107 4057 1209 4117 repente
1221 4063 1448 4117 compressusque
1459 4058 1554 4098 vocant
1563 4046 1695 4116 ρυσηματα
1707 4046 1789 4117 effice

175 4125 386 4197 LyIiMrtjnoun.
401 4128 523 4182 Ceterum
544 4145 636 4182 vocem
650 4128 719 4191 πόλις
732 4139 792 4200 post
811 4127 962 4200 Ἀλεξανδρθ-
1004 4143 1039 4186 re,
1051 4125 1161 4197 speciem
1172 4122 1527 4192 modoinoniinflatemsiae
1540 4142 1645 4196 corpore
1660 4125 1789 4178 :hoscsse

175 4205 247 4268 πολις
258 4223 313 4260 om.
326 4205 386 4260 ood.
406 4207 437 4260 B.
1004 4205 1157 4258 concliorum
1171 4206 1288 4258 abortus.
1299 4205 1366 4256 Item
1377 4205 1535 4258 Ammianus
1543 4206 1626 4256 Marc.
1640 4205 1741 4269 xxm,
1761 4209 1788 4268 6,

196 4286 286 4352 .§19.
303 4275 450 4353 Φάρσανα
461 4285 470 4354 ]
483 4283 624 4355 Φάρσαγγα
636 4285 664 4338 B.
685 4286 763 4337 Dein.
780 4285 961 4356 Δημητρίαςλ,
1005 4283 1055 4334 85;
1069 4285 1201 4334 &recusare
1219 4299 1279 4334 vero
1296 4281 1441 4354 saepissime
1460 4294 1528 4333 metu
1539 4280 1680 4349 fulgurum
1701 4281 1788 4332 inane·

179 4359 316 4432 Ἀρέχωτος
327 4363 356 4426 Β,
369 4372 396 4415 et
417 4363 467 4416 sub
480 4363 560 4417 linem
582 4385 590 4418 a
611 4363 670 4434 ἄχρι
683 4363 770 4416 τούτου
789 4362 854 4417 ἐστίν
873 4363 919 4417 tet
931 4368 963 4435 τῇ
1004 4374 1089 4423 scunt,
1103 4373 1151 4413 eut
1166 4360 1265 4413 debitia
1278 4361 1406 4431 pariunt,
1425 4371 1474 4412 out
1489 4371 1556 4412 certe
1569 4359 1647 4412 vitiis
1662 4358 1790 4427 diffluunt

177 4444 226 4491 τῶν
238 4439 342 4511 Πάρθων
353 4438 419 4513 ἀρχῇ
435 4439 450 4507 ᾗ
467 4443 547 4512 χώρα.
559 4443 711 4496 Arachosia
722 4461 831 4508 nomen,
845 4441 917 4513 quod
932 4443 963 4496 li·
1004 4440 1161 4508 abortiarisll
1172 4470 1208 4480 -
1216 4441 1464 4510 διανηχόμεναι]
1480 4464 1490 4484 ι
1502 4439 1560 4492 Hoc
1572 4456 1587 4490 e
1600 4437 1729 4491 diametro
1742 4456 1789 4510 pu-

178 4519 240 4571 teris
250 4519 418 4574 cuneilormia
430 4519 509 4574 scribi
523 4522 597 4574 aiunt
610 4522 722 4592 Arajati
730 4561 738 4587 ,
753 4532 871 4593 superest
881 4524 908 4574 in
924 4539 964 4576 re-
1005 4529 1068 4586 gnat
1077 4536 1138 4571 cum
1148 4518 1189 4571 tiis
1203 4536 1263 4589 quae
1272 4518 1305 4570 de
1321 4519 1410 4589 pinnis
1429 4516 1581 4572 Aristoteles
1596 4517 1692 4586 aliique
1702 4517 1789 4570 obser·

177 4595 295 4649 centiore
306 4599 414 4652 nornine
422 4598 536 4654 Arabico
546 4599 725 4663 Arroludrclr,
734 4600 965 4654 monentellittero
1006 4607 1110 4662 varunt,
1125 4597 1273 4651 immobiles
1285 4598 1312 4649 in
1323 4595 1408 4650 fundo
1417 4597 1496 4648 maris
1508 4613 1624 4648 manere.
1642 4595 1693 4648 Sed
1704 4605 1730 4646 et
1739 4595 1789 4648 alia

177 4675 254 4740 VIII,
281 4692 310 4745 p.
336 4692 394 4731 ιαι.
417 4683 461 4732 6ι.
487 4683 499 4746 ΙΙ
519 4707 556 4718 -
570 4675 675 4742 Ἰνδικὴν
700 4675 789 4742 λευκὴν
804 4677 846 4730 Cs.
868 4680 965 4732 Lassen
1006 4676 1089 4729 multa
1112 4676 1229 4729 turbasse
1254 4673 1457 4744 confudisseque
1477 4673 1583 4726 videtur
1607 4672 1651 4726 bic
1668 4673 1789 4744 scriptor.

178 4751 302 4804 Iadiscloe
311 4753 425 4806 Altertlr.
439 4758 462 4818 I,
472 4773 500 4826 μ.
515 4757 566 4818 434
579 4767 635 4809 not.
650 4772 676 4808 a.
693 4758 733 4808 De
743 4755 875 4810 Arachoto
885 4756 965 4808 ssurio
1007 4758 1074 4822 Qua
1087 4765 1174 4808 tamen
1190 4753 1261 4806 idem
1275 4752 1309 4805 de
1318 4753 1509 4825 pinnoplrylace
1527 4750 1630 4820 tradit(
1642 4769 1723 4822 quem
1733 4753 1791 4822 pin-

177 4831 347 4885 nihiloertim
359 4831 462 4888 definiri
477 4853 552 4905 posse
567 4845 656 4888 censet
671 4836 794 4888 llitterus.
817 4837 901 4888 Court
919 4835 966 4906 (in
1007 4844 1124 4887 noterem
1137 4834 1172 4886 ab
1191 4833 1247 4886 aliis
1267 4833 1433 4886 nominatum
1452 4832 1568 4903 yidimus
1590 4849 1649 4902 pag.
1666 4833 1711 4900 89,
1732 4833 1790 4898 E),

175 4913 270 4963 leura.
283 4910 319 4980 os
331 4911 372 4964 tlte
381 4915 431 4964 Aa.
444 4931 497 4966 soc.
508 4913 652 4983 osBengal.
667 4924 687 4967 t.
702 4915 738 4977 V,
753 4931 780 4984 p.
798 4915 859 4984 389.
879 4916 966 4983 1836)
1008 4912 1135 4983 explicare
1146 4930 1177 4966 ea
1187 4911 1296 4964 sortasse
1304 4912 1434 4980 originem
1447 4910 1550 4975 sabula,
1565 4928 1625 4981 quar
1636 4907 1670 4962 de
1680 4910 1793 4962 cancello

180 4987 244 5042 bod.
264 5007 320 5042 esse
341 4991 511 5054 Amcandad,
537 4994 628 5062 quiin
645 4990 798 5045 Hiadmend
818 4992 918 5056 inlluit,
941 5002 967 5046 et
1008 4993 1095 5061 pinnac
1107 4993 1180 5044 socio
1201 4991 1279 5059 vulgo
1298 4990 1515 5061 perhibebantur,
1534 4998 1661 5061 poterunt
1675 5005 1681 5039 :
1695 4989 1794 5040 scilicet

182 5067 367 5122 Alexandriam
385 5071 534 5124 Arachosia
550 5071 606 5142 (de
619 5089 672 5140 qua
692 5069 727 5123 cl.
751 5071 819 5124 Ptol.
838 5081 864 5123 et
875 5071 964 5142 Steph.
1009 5088 1134 5140 quaepars
1141 5081 1208 5122 esset
1218 5071 1273 5122 sive
1281 5069 1431 5123 membrum
1442 5079 1488 5122 aut
1496 5071 1701 5122 insuumontum
1708 5067 1794 5137 quod·

180 5146 242 5214 Byr..
253 5165 278 5199 ν.
296 5145 368 5209 libel.
381 5151 390 5217 )
401 5148 564 5216 A'onclulrar(
578 5168 603 5202 ν.
613 5150 708 5222 supra)
720 5161 816 5203 censet.
830 5153 967 5203 lllannerto
1010 5149 1071 5202 dam
1084 5151 1166 5219 ipsius
1177 5150 1326 5214 animantis,
1339 5167 1394 5219 quo
1403 5167 1450 5218 per
1459 5158 1607 5219 aperturam
1614 5145 1691 5215 juxta
1702 5145 1794 5198 villum
1857 5197 1861 5204 ,

180 5225 244 5276 urbs
264 5237 300 5278 est
322 5226 386 5280 hod.
418 5228 550 5293 Wrilrrad,
573 5231 719 5300 Droysenio
747 5230 851 5283 Glrisni.
872 5231 968 5300 Lapico
1014 5229 1078 5298 (qui
1091 5228 1183 5297 byssus
1198 5228 1275 5297 vulgo
1293 5246 1340 5297 per
1358 5245 1475 5280 errorem
1492 5225 1618 5297 vocatur)
1634 5235 1736 5279 exserto
1747 5243 1793 5295 pc·
