3950 5925
161 433 273 505 (enen)

209 578 231 615 ³.
258 556 320 614 Ἀπὸ
339 555 366 614 δὲ
378 560 424 614 τοῦ
437 554 520 635 Ἱεροῦ
534 556 594 624 Διὸς
607 558 705 636 Οὐρίου
719 557 767 625 ίυις
780 558 954 636 Βορυσθένους

162 636 292 719 ποταμοῦ
306 650 351 701 τοῦ
367 645 412 701 καὶ
424 643 585 722 Δανόπρεως
602 645 764 719 καλουμένου
778 646 873 704 στάδια
889 670 951 703 πεν-

163 728 323 807 τακισχίλια
337 728 469 801 ἑξακόσια,
485 730 560 802 μίλια
574 732 717 789 ἑπτακόσια
728 732 951 812 τεσσαρακονταὲξ

165 818 265 892 ἥμισυ.
282 817 346 876 Ἀπὸ
364 817 392 873 δὲ
404 822 449 875 τοῦ
467 817 549 896 Ἱεροῦ
563 818 624 884 Διὸς
638 820 736 896 Οὐρίου
758 817 805 884 ἔως
819 820 952 898 Πορθμίας

134 925 149 959 n
165 906 279 975 πόλεως,
294 908 340 972 τῆς
355 906 380 960 ἔν
392 904 516 972 τελειτῆς
525 905 654 982 Εὐρώπης
668 910 719 963 τῶν
731 912 775 963 τοῦ
790 907 890 966 Πόντου
902 930 953 981 με·

167 996 222 1071 ρῶν
240 994 307 1069 [τῆς
321 994 347 1048 ἐν
360 994 396 1070 τῷ
411 991 531 1071 στομίῳ]
547 998 593 1063 τῆς
614 993 762 1059 Μαιώτιδος
780 994 873 1069 λίμνης
894 994 953 1065 ἤτοι

169 1080 306 1157 Βοσπόρου
318 1084 362 1135 τοῦ
377 1079 523 1157 Κιμμερίου
534 1079 695 1154 καλουμένου
702 1127 710 1152 ,
724 1081 819 1138 στάδια
830 1080 950 1159 [μόρια]

167 1166 244 1244 χίλια
258 1166 361 1241 ἑκατόν,
376 1166 449 1241 μίλια
474 1166 484 1243 [
498 1166 595 1244 χίλια]
609 1167 763 1244 τετρακόσια
778 1168 949 1243 ὀγδοήκοντα.

168 1254 283 1330 Λέγεται
298 1252 325 1310 δὲ
349 1257 393 1323 τῆς
416 1252 545 1330 Εὐρώπης
566 1258 612 1323 τῆς
627 1255 757 1324 Ποντικῆς
778 1259 792 1311 ὁ
813 1254 952 1332 περίπλους

125 1356 152 1393 to
168 1340 224 1406 ἶσος
239 1331 304 1397 εἶναι
320 1343 358 1419 τῷ
370 1339 488 1418 περίπλῳ
503 1345 554 1398 τῶν
561 1344 606 1410 τῆς
618 1340 706 1406 Ἀσίας
723 1344 819 1418 μερῶν.

210 1450 233 1487 ι.
256 1428 320 1486 Ἀπὸ
342 1428 369 1485 δὲ
393 1434 437 1485 τοῦ
459 1426 540 1507 Ἱεροῦ
565 1427 626 1493 Διὸς
653 1428 751 1509 Οὐρίου
766 1430 814 1493 ἕως
843 1428 951 1504 Ἀμισοῦ

170 1514 265 1572 στόδια
280 1515 478 1593 τετρακισχίλια
504 1515 625 1580 ἑξακόσια
646 1515 779 1588 ἑξήκοντα,
800 1516 875 1591 μίλια
889 1514 949 1583 ἑξα-

169 1601 246 1658 κόσια
261 1601 368 1659 είκοσιὲν
381 1601 472 1677 ἥμισυ.
485 1600 549 1661 Ἀπὸ
561 1602 587 1659 δὲ
600 1602 706 1677 Ἀμισοῦ
719 1602 767 1669 ἕως
778 1607 824 1660 τοῦ
836 1603 951 1668 Φαίστιος

168 1695 290 1763 ποταμοῦ
304 1688 399 1747 στάδια
413 1688 545 1768 τρισχίλια
565 1689 708 1747 ὀκτακόσια
723 1689 780 1762 δύο,
795 1690 870 1764 μίλια
884 1712 950 1747 πεν-

128 1792 153 1830 15
171 1775 281 1834 τακόσια
300 1777 378 1836 ἑπτοί.
390 1776 455 1836 Ἀπὸ
473 1776 500 1833 ii
511 1781 557 1834 τοῦ
572 1776 685 1842 Φόσευις
702 1782 822 1853 ποταμοῦ
838 1776 886 1841 ἕως
904 1781 950 1835 τοῦ

170 1866 298 1939 στόματος
314 1869 360 1933 τῆς
374 1864 521 1929 Μαιώτιδος
541 1864 635 1938 λίμνης
649 1864 730 1941 [ἤτοι
743 1865 790 1931 ἕως
805 1868 850 1933 τῆς
862 1865 949 1942 Ἀχιλ·

170 1950 240 2008 λείου
252 1952 344 2025 κώμης
358 1950 452 2008 στάδια
472 1950 670 2029 τετρακισχίλια
681 1950 763 2009 εἴκοσι
773 1951 860 2022 πέντε,
874 1950 950 2024 μίλια

169 2037 328 2095 πεντακόσια
351 2036 519 2116 τριακονταὲξ
536 2036 629 2113 ἥμισυ,
652 2040 687 2103 ῶς
705 2038 820 2113 γίνεσθαι
841 2037 894 2095 ιἰπὸ
904 2042 950 2097 τοῦ

170 2123 252 2203 Ἱεροῦ
274 2124 334 2191 Διὸς
356 2124 453 2200 Οὐρίου
474 2123 521 2191 ἑυις
532 2129 578 2182 τοῦ
600 2124 728 2200 στόματος
742 2129 788 2196 τῆς
802 2128 951 2189 Μαιώτιδος

128 2226 156 2262 2⁰
170 2212 282 2289 λίμνης]
296 2211 391 2269 στάδια
410 2212 421 2289 [
439 2211 519 2291 μόρια
538 2212 669 2289 διο]χίλια
681 2210 837 2289 τετρακόσια
857 2211 949 2288 irioni·

169 2321 248 2356 κοντα
266 2299 348 2374 ἑπτὰ,
365 2298 440 2374 μίλια
459 2298 579 2377 [χίλια]
597 2297 718 2365 ἑξακόσια
737 2298 861 2367 ἑξήκοντα
872 2294 963 2356 πίνετ’

168 2384 261 2460 ἥμισυ.

207 2496 228 2533 ο.
244 2472 330 2548 Ὁμοῦ
344 2472 443 2551 γίνιται
454 2478 469 2531 ί
482 2473 625 2552 περίπλους
635 2479 681 2531 τοῦ
697 2472 819 2540 Εὐξείνου
833 2471 947 2546 Πόντου,

167 2563 218 2617 τῶν
233 2583 261 2617 τι
281 2559 369 2627 δεξιῶν
384 2562 434 2616 τῶν
451 2558 515 2637 (τε)
534 2559 609 2640 παρὰ
627 2558 676 2631 τὴν
691 2558 780 2621 Ἀσίαν
794 2562 880 2638 μερῶν
903 2564 947 2617 τοῦ

128 2660 154 2697 25
170 2647 284 2717 Πόντου,
298 2649 439 2725 ἀριστερῶν
461 2644 488 2702 όὲ
508 2648 559 2703 τῶν
574 2645 647 2724 παρὰ
658 2646 706 2715 τὴν
722 2645 849 2725 Εὐρώπην
862 2650 948 2723 μερῶν

167 2740 212 2792 τοῦ
228 2734 340 2805 Πόντου,
351 2733 404 2791 ἀπὸ
416 2738 463 2791 τοῦ
478 2731 560 2810 Ἱεροῦ
570 2732 647 2811 [Διὸς
662 2733 773 2811 Οὐρίου,
786 2734 880 2790 στάδια
892 2734 947 2789 δισ-

169 2822 247 2898 μύρια
262 2820 395 2899 τρισριἈια
420 2819 579 2877 πεντακόσια
597 2818 755 2897 ὀγδοήκοντα
777 2822 844 2876 ἑπτὰ
860 2821 885 2897 ],
900 2819 948 2895 μί-

167 2912 210 2968 λια
226 2908 359 2986 τρισχίλια
382 2906 473 2965 ἑκατὸν
496 2907 692 2986 τεσσαράκοντα
706 2907 794 2967 πέντε.
817 2904 897 2967 Ἔστι
918 2905 946 2964 δὲ

167 2997 210 3055 καὶ
229 3000 243 3052 ὁ
256 2998 396 3074 περίπλους
407 2999 454 3063 τῆς
468 2994 616 3060 Μαιώτιδος
630 2995 723 3070 λίμνης
741 2996 752 3072 [
767 2994 861 3052 στάδια
874 2998 947 3053 ἑννα-

128 3097 154 3136 νυ
168 3085 284 3162 κισχίλια
299 3081 322 3160 ]
339 3084 413 3158 μίλια
427 3082 501 3160 χίλια
516 3083 648 3142 διακόσια.

525 3309 606 3322 ...-

200 3516 278 3584 §3,i.
291 3517 316 3566 3.
327 3513 548 3582 Βορυσθένους]
560 3511 821 3582 Βοσρόρουεοεί.;ειιι.
832 3513 900 3564 Gaii.
911 3543 947 3552 -

166 3595 183 3647 Ι.
206 3613 228 3647 ι.
253 3597 313 3646 Post
335 3591 446 3652 ἑξακόσια
469 3589 551 3642 codex
572 3589 646 3642 addit
669 3589 856 3659 ἐόδομήκοντα,
873 3589 946 3659 quod

166 3672 305 3725 delendum
323 3689 377 3722 esso
393 3671 478 3737 arguit
496 3668 597 3719 milium
615 3686 740 3720 numerus
751 3680 778 3720 et
792 3671 945 3738 Anonymns

165 3751 252 3818 alters
266 3768 309 3818 9⁰·
325 3750 469 3817 Utriusque
483 3761 607 3798 numeros
621 3765 780 3816 componere
793 3746 867 3799 liceat
884 3763 889 3799 :

187 4259 202 4294 Α
220 4257 278 4293 torte
297 4254 494 4292 Pannonicorum

208 4315 399 4353 osttnmtxtrt....
413 4340 417 4349 .
432 4341 438 4351 .
451 4340 457 4351 .
470 4339 493 4351 ..

189 4377 272 4414 itone
283 4376 336 4412 Fano
349 4374 375 4411 nt
389 4374 494 4419 norysine·

208 4447 255 4476 nem
256 4459 493 4476 .............
553 4456 559 4477 ,

188 4503 201 4536 Α
218 4499 276 4536 1Ισιιι
294 4499 349 4534 Pano
364 4498 389 4532 nd
408 4496 494 4532 coerro-

186 4568 339 4654 i'ii'ii'nii
352 4582 381 4653 ii
393 4582 422 4652 ὀἱ
434 4579 494 4652 iss

541 4312 593 4356 ηενο
648 4308 701 4366 ιιι]
758 4310 809 4351 κιαι
866 4308 915 4360 tsi:

188 4961 313 4997 intinniit
329 4969 352 4998 οε
367 4924 493 4997 Πιοῑίοίε.ί
539 4960 590 4999 tmt
645 4955 697 5014 tto}

172 5013 281 5075 ιὉμοῦιι
298 5022 352 5058 Fano
369 5022 396 5058 nd
412 5019 491 5057 Μαου-

730 5199 815 5235 rxctdtt.
842 5201 892 5244 ntis

605 428 820 490 ANONYMUS
841 430 892 488 DE
914 431 1062 491 ΑΜΒΙΤΠ
1085 433 1200 494 ronti
1222 436 1370 498 stittttt.

1720 464 1776 515 425

1033 570 1057 622 3.
1078 576 1101 625 A
1125 572 1197 626 Fano
1221 574 1292 627 Jovis
1316 578 1373 629 Urii
1396 576 1429 629 ad
1450 580 1635 651 Borysthenem
1657 584 1776 653 fluvium,

996 657 1140 727 Dannprim
1158 663 1237 713 etiam
1254 663 1371 727 dictum,
1394 662 1477 715 stadia
1491 666 1574 732 5600,
1597 670 1667 723 milis
1692 678 1743 741 746
1756 681 1775 736 ζ.

995 746 1018 794 Α
1031 744 1051 793 F
1052 762 1102 796 ano
1116 748 1188 798 Jovis
1206 750 1264 800 Urii
1278 748 1311 801 ad
1324 750 1486 802 Porthmiam
1506 753 1647 820 civitatem,
1662 776 1720 827 quae
1729 762 1777 813 sita

995 825 1033 880 es't
1051 830 1078 880 in
1101 832 1214 901 Europae
1236 832 1269 885 nd
1296 835 1410 886 Pontum
1437 838 1599 891 extremitate
1624 841 1657 894 nd
1680 846 1776 898 ostium

994 916 1124 968 Montidis
1136 917 1236 988 paludis
1248 920 1288 971 vel
1297 922 1406 991 Bospori
1416 922 1576 986 Cimmerici,
1588 926 1670 979 stadia
1682 946 1774 993 xxtoo,

995 1000 1066 1053 milia
1083 1004 1159 1063 ι480.
1172 1004 1285 1073 Europe
1297 1005 1429 1075 Periplum
1448 1025 1537 1077 parem
1552 1028 1606 1063 esse
1624 1011 1715 1067 dicunt
1728 1019 1776 1067 Pe·

994 1086 1062 1155 ripio
1073 1088 1243 1141 Ponticorum
1262 1091 1329 1143 Asiae
1344 1091 1463 1145 litorum.

1030 1433 1055 1490 4.
1074 1432 1097 1482 Α
1112 1432 1183 1483 Fano
1196 1433 1268 1483 Jovis
1283 1433 1340 1484 Urii
1356 1432 1389 1485 ad
1403 1437 1522 1487 Amisum
1537 1438 1619 1491 stadia
1634 1444 1711 1504 4660,
1727 1459 1776 1493 nn·

993 1516 1026 1567 tia
1034 1522 1082 1568 621
1097 1525 1117 1580 ξ.
1135 1518 1177 1571 Ab
1196 1520 1283 1591 Amiso
1302 1518 1334 1571 nd
1349 1521 1453 1573 Phasim
1464 1524 1572 1576 flurium
1593 1524 1676 1577 stadia
1695 1528 1774 1591 3802,

993 1602 1063 1654 milia
1079 1604 1139 1672 507.
1159 1608 1180 1657 A
1195 1605 1271 1656 Phasi
1283 1606 1364 1658 ssuvio
1375 1607 1407 1658 sd
1418 1626 1447 1659 os
1460 1609 1589 1661 Maeotidis
1599 1610 1701 1680 paludis
1717 1614 1725 1681 [
1740 1616 1779 1665 rel

992 1686 1030 1737 ad
1037 1688 1182 1740 Achilleum
1193 1690 1279 1741 vicum
1290 1690 1381 1742 stadia
1394 1694 1472 1757 4025,
1486 1695 1562 1747 milio
1574 1696 1624 1748 536
1636 1702 1660 1761 ξ,
1673 1698 1736 1749 oden
1747 1712 1776 1751 nt

992 1773 1151 1839 colligantur
1162 1774 1220 1826 inde
1232 1794 1249 1826 α
1264 1778 1336 1828 Fano
1346 1778 1421 1830 Ionis
1437 1780 1496 1831 Urii
1508 1798 1587 1851 usqne
1604 1782 1642 1833 ad
1655 1802 1684 1836 os
1696 1788 1776 1837 Μισο-

993 1858 1195 1930 tidiipoludis]
1210 1859 1291 1913 stadia
1305 1865 1397 1932 12487,
1410 1864 1480 1917 milia
1495 1868 1559 1917 1665
1572 1876 1591 1932 ξ.

1030 2472 1054 2521 5.
1080 2472 1271 2523 circumvectio
1286 2473 1365 2524 totius
1379 2474 1476 2525 Euxini
1502 2476 1593 2538 Ponti,
1619 2485 1674 2527 tum
1689 2476 1773 2529 dextri

992 2556 1077 2608 interis
1084 2556 1161 2625 juxta
1180 2558 1248 2609 Asiae
1264 2575 1338 2609 orant
1350 2570 1406 2611 tum
1422 2576 1484 2610 vcro
1497 2560 1594 2611 sinistri
1603 2559 1678 2629 juxta
1689 2563 1774 2615 Euro·

991 2660 1121 2713 paeornm,
1135 2642 1196 2695 inde
1209 2646 1303 2695 aano
1312 2644 1403 2713 [lonis
1418 2644 1485 2707 Urii,
1495 2646 1653 2699 suntstndia
1662 2649 1772 2719 23587,]

991 2729 1061 2781 milio
1072 2730 1150 2790 3145.
1171 2731 1254 2781 Porro
1266 2730 1379 2800 periplus
1395 2730 1525 2783 Maeotidis
1536 2720 1637 2803 pitiudis
1653 2733 1774 2802 [stadin-

991 2834 1047 2868 rnm
1062 2834 1130 2884 9000
1142 2818 1163 2885 ],
1174 2816 1276 2867 milium
1293 2832 1370 2869 noo.

991 3511 1095 3580 Quibus
1107 3513 1262 3582 conspectis,
1273 3521 1343 3563 certa
1351 3511 1508 3563 emendandi
1520 3513 1586 3563 ratio
1596 3523 1680 3582 potet;
1694 3533 1773 3584 quam

989 3603 1094 3644 secutus
1103 3591 1202 3644 Gaitius
1213 3609 1337 3643 numeros
1345 3591 1473 3642 asteriscis
1483 3601 1584 3642 notatos
1591 3609 1622 3642 ex
1632 3596 1773 3664 Anonymo

988 3672 1111 3724 correxit.
1139 3672 1149 3738 Ι]
1172 3701 1207 3710 -
1223 3674 1248 3723 8.
1273 3673 1317 3735 τῆς
1331 3667 1355 3720 ἑν
1371 3674 1406 3739 τῷ
1419 3669 1513 3739 στομίῳ
1523 3671 1620 3721 inserui
1635 3689 1667 3722 ex
1681 3676 1771 3727 Anon.

989 3752 1049 3818 §91
1069 3761 1093 3801 et
1107 3749 1153 3812 563
1169 3747 1230 3799 dein
1252 3747 1386 3816 Βοσπορίου
1402 3745 1473 3810 cod.;
1494 3765 1555 3799 mox
1578 3748 1649 3817 μύρια
1663 3761 1689 3802 et
1702 3751 1772 3820 χίλια

989 3828 1117 3898 supplevit
1129 3826 1196 3879 Gaii.
1214 3827 1224 3894 ]]
1236 3856 1272 3866 -
1285 3843 1326 3878 11.
1344 3829 1386 3890 τῆς
1399 3825 1517 3890 Ποντικῆς
1526 3825 1609 3878 codex
1619 3826 1696 3881 habet
1711 3841 1771 3900 post

988 3907 1066 3960 verba
1075 3913 1109 3976 τῷ
1117 3904 1243 3976 περίπλῳ(
1254 3909 1297 3956 τοῦ
1307 3905 1424 3974 περίπλου
1431 3903 1491 3956 cod.
1499 3907 1519 3972 ).
1532 3906 1650 3957 Fortasse
1659 3918 1718 3978 post
1727 3912 1771 3974 τῆς

920 4037 925 4042 ,
992 3983 1068 4046 Ἀσίας
1077 3985 1187 4037 alterum
1201 3987 1244 4048 τῆς
1260 3983 1379 4049 Ποντικῆς
1390 3982 1496 4034 excidit.

1024 4067 1038 4131 ς
1058 4068 1084 4125 4,
1095 4063 1113 4114 Ι.
1129 4063 1170 4114 13.
1185 4060 1294 4130 Ἀμισοῦς
1305 4060 1364 4112 cod.
1382 4063 1391 4128 Ι]
1404 4092 1439 4100 -
1451 4067 1492 4114 16.
1507 4059 1622 4112 όκτακοσ.
1635 4059 1712 4113 είκοσι
1725 4081 1770 4114 co·

908 4123 913 4132 .
987 4140 1052 4204 dex;
1064 4141 1178 4193 confusis
1191 4137 1214 4208 β’
1223 4150 1248 4190 et
1260 4137 1291 4190 κ’.
1305 4140 1315 4208 Ι]
1328 4169 1363 4180 -—
1376 4157 1417 4208 ¹7·
1428 4139 1573 4209 Φάοεως]
1587 4140 1733 4208 Βίρεωςίιίσ
1743 4152 1769 4193 ot

986 4219 1054 4271 infra
1066 4219 1159 4271 codex.
1170 4249 1205 4258 -
1218 4217 1320 4270 Inclusa
1334 4236 1365 4270 ex
1383 4221 1539 4288 Anonyms
1554 4235 1585 4286 91
1602 4217 1728 4288 suppleta.

1022 4301 1036 4364 S
1052 4297 1076 4361 5,
1088 4299 1105 4350 Ι.
1120 4303 1163 4350 26.
1179 4302 1238 4349 τῶν
1252 4315 1284 4348 τε
1296 4296 1464 4366 παρὰ]ΙΙίυιί
1474 4314 1509 4360 τε,
1519 4295 1590 4365 quod
1601 4295 1767 4360 abesseveiis,

810 4435 819 4451 ,
908 4428 914 4446 ,
930 4392 933 4453 t
986 4374 1064 4429 habet
1072 4379 1149 4428 etiam
1157 4375 1381 4445 aiterAnonymus
1390 4376 1508 4444 §9x,qui
1516 4373 1638 4444 deinceps
1650 4391 1656 4426 z
1666 4374 1706 4426 καὶ
1716 4373 1767 4444 ἀρι-

906 4452 916 4482 3
930 4504 933 4519 ,
986 4455 1115 4524 στερῶνὸέ.
1127 4453 1229 4506 Inclusa
1239 4453 1366 4525 supplevit
1377 4453 1444 4506 Gait.
1457 4454 1559 4521 Ι]-3α.
1570 4453 1658 4522 χίλια
1669 4454 1768 4506 διακό-

985 4534 1054 4602 σια]
1069 4533 1192 4601 τρισχίλια
1206 4533 1260 4602 τρία
1274 4531 1355 4583 codex
1367 4549 1375 4594 ;
1389 4548 1440 4582 ern.
1454 4530 1562 4582 Gaiiius.
