3950 5925
229 383 298 427 oxu
533 378 539 388 ’
806 344 811 354 “
888 359 1187 423 escensurum.

227 499 263 565 εἰς
272 495 336 577 δπαρ
350 495 524 575 στρατόπεδον
544 492 653 574 τελευτᾷ
665 492 838 570 ‘repeteres
856 493 1009 571 δπικράπιια
1054 493 1215 564 nescimus;
1231 492 1262 550 in
1274 510 1327 550 ora
1339 504 1435 551 autern
1447 493 1663 551 maritimaloca
1676 496 1787 552 munita
1797 495 1842 551 in·

228 592 313 668 (lrr.
328 591 437 669 Perlpl.
453 592 470 666 s
484 589 543 669 αδ).
560 590 606 647 ΑΙ)
620 590 732 647 criente
747 600 843 647 autem
859 590 935 647 raris
951 587 1010 645 tto-
1054 590 1091 647 de
1113 609 1131 647 a
1152 588 1335 665 Trapezunte
1352 608 1446 667 usque
1474 589 1509 648 ad
1532 589 1746 668 Sebastopolinr
1776 610 1843 649 curn

227 706 380 746 manorum
396 686 522 745 castellis
537 697 636 760 gentes
655 682 791 741 barbaras
805 682 1009 756 imminebant,
1055 684 1146 743 classe
1159 683 1305 745 lustravit.
1318 683 1456 744 Rationes
1467 684 1510 743 rei
1522 697 1608 759 gestae
1619 702 1657 743 ers
1667 684 1767 743 cilicio
1776 685 1845 743 red·

227 802 352 859 quarum
373 783 499 859 impetus
520 780 637 839 hostilis
666 778 792 838 subinde
811 778 1011 839 retundendus
1055 780 1131 839 didit
1144 784 1233 839 literis
1246 785 1352 853 latinis,
1363 800 1488 858 quarum
1498 780 1545 839 bis
1556 782 1587 839 in
1597 782 1713 859 periplo
1725 782 1846 839 fitmen·

227 889 301 935 erat.
325 876 374 933 Sic
387 874 495 933 Albani
514 873 569 933 sub
588 874 782 933 Pharasmane
798 873 883 933 lbere
899 873 1010 932 bellum
1055 876 1109 946 tio,
1126 879 1253 953 primum
1268 876 1315 952 §7
1332 895 1362 954 p.
1379 876 1448 948 δρα,
1462 876 1606 934 ubihaem
1625 874 1678 934 Καί
1691 873 1842 949 ἤλθαμεν...

226 974 399 1043 intulerunt,
411 970 490 1048 quod
502 983 534 1029 ut
547 970 579 1027 in
590 971 663 1048 ipsis
672 970 1010 1046 initiisexstingueretur,
1056 972 1091 1037 εἰς
1104 967 1229 1051 ΙἌψαρον,
1239 968 1334 1049 ίναπερ
1355 972 1383 1029 αί
1396 970 1474 1029 niara
1488 969 1595 1051 σπεῖραί
1615 972 1679 1029 εἰσιν
1692 970 1843 1049 ίδρυμίναι.

226 1070 368 1127 Arrianus
383 1080 482 1125 noster
501 1068 620 1125 incusso
631 1065 852 1125 metuellecisse
861 1066 1008 1144 proditur.
1057 1065 1112 1127 Καὶ
1137 1066 1185 1137 τὴν
1206 1066 1365 1147 μισθοφορὰν
1381 1070 1415 1147 τῇ
1430 1073 1541 1147 στρατιᾷ
1559 1066 1645 1125 lione
1665 1064 1756 1125 καίτδ
1771 1064 1845 1125 diris

225 1163 339 1223 Etenim
361 1164 416 1221 llio
441 1162 558 1221 Cassius
579 1158 812 1233 inx,15:‘0
838 1160 886 1236 μὲν
903 1151 947 1219 adr
958 1163 1011 1219 τῶν
1057 1152 1123 1221 ν’ίδσν
1135 1160 1180 1225 καί
1192 1160 1222 1221 τδ
1235 1166 1322 1241 τοῖχος
1332 1161 1379 1221 καί
1392 1162 1440 1233 τὴν
1449 1161 1547 1241 τάφρον
1562 1161 1608 1219 aul
1622 1159 1680 1229 sobe
1695 1160 1845 1238 κάμνοντας

224 1259 358 1320 Ἰουδαίων
368 1257 492 1335 πόλεμος,
506 1259 615 1336 inquit,
631 1260 667 1325 εἰς
678 1262 755 1317 τοῦτο
768 1256 943 1328 ἐπλούτησαν·
956 1257 1012 1317 δτι·
1056 1256 1103 1315 καί
1116 1262 1162 1317 τοῦ
1183 1258 1256 1317 σίτου
1268 1256 1316 1329 τὴν
1333 1254 1505 1337 παρασκευὴν
1523 1254 1571 1327 τὴν
1594 1258 1713 1315 ἐνοῦσαν.
1728 1252 1845 1315 ‘lirare

227 1378 269 1435 ρος
292 1354 319 1413 δὲ
338 1354 366 1423 li
390 1353 524 1413 Ἀλδανῶν
539 1356 550 1432 (
564 1354 614 1412 εἰσί
636 1351 665 1412 dl
683 1350 878 1432 Μασσαγέται)
904 1353 1010 1425 ίαινήδη
1056 1350 1083 1411 δὲ
1096 1351 1161 1432 ὓπδρ
1178 1352 1263 1411 αὐτῶν
1276 1352 1325 1424 τὴν
1334 1351 1442 1430 γνώμην
1461 1350 1549 1431 ἔσχον,
1562 1352 1596 1409 lr
1607 1351 1692 1418 τοῖςΙ
1704 1348 1846 1425 Ῥωμαῖ-

225 1449 277 1509 ὑπδ
296 1448 481 1530 Φαρασμάνου
500 1446 547 1527 (“).
567 1447 623 1507 Καὶ
639 1446 687 1518 τὴν
706 1446 755 1524 μίν
768 1447 877 1519 Μηδίαν
898 1449 1012 1527 ἰοχυρῶς
1055 1446 1842 1528 κοῖςγρίμμασιγίγραπταιεάσίιιᾶσςιδψδῃι

225 1543 354 1618 ἐλύπησε,
373 1546 420 1615 τῆς
442 1541 466 1601 δ’
482 1540 620 1620 Ἀρμενίας
633 1546 680 1613 τῆς
693 1564 722 1600 πα
737 1540 929 1609 Καππαδοκίας
941 1542 1012 1624 ἁψά-
1056 1540 1101 1609 Ἐς
1120 1540 1215 1603 Xt'idor
1237 1542 1356 1617 ποταμὸν
1377 1541 1620 1619 σίσαπλιύσαμεν,..
1643 1532 1680 1600 ὧν
1701 1539 1730 1599 di
1747 1540 1844 1616 lusae,

225 1662 313 1715 μενος,
331 1638 424 1697 ἔπειτα
448 1638 500 1694 τῶν
523 1627 657 1696 sideros
676 1634 711 1695 τί
733 1635 782 1712 μίν
799 1635 890 1715 δώροις
904 1635 955 1695 ὑπὸ
965 1638 1011 1695 τῶ
1054 1637 1101 1697 καί
1112 1636 1162 1699 ὅσα
1176 1640 1287 1699 ίνταῦδα
1302 1638 1462 1719 ἐπράξαμεν,
1476 1638 1622 1711 δηλώσει
1634 1660 1690 1697 σοι
1707 1636 1747 1697 αδ
1758 1636 1845 1699 Ῥω-

224 1733 403 1810 Οΰολογαίσου
416 1728 726 1804 neccommittam
739 1729 863 1791 itidem
877 1729 1010 1811 Ἀρριανδν
1056 1731 1162 1811 palad
1188 1734 1386 1813 γράμματα.
1406 1734 1500 1795 Simul
1520 1754 1592 1793 vero
1614 1734 1651 1793 de
1667 1733 1723 1792 hoc
1737 1732 1845 1793 itinere

222 1827 267 1885 τὸν
279 1832 326 1899 τῆς
343 1827 536 1893 Καππαδοκίας
546 1826 662 1906 ἄρχοντα
676 1822 851 1908 ροὸηδίντων,
865 1824 1008 1885 ἐπαύσατο.
1054 1829 1184 1903 privatas
1208 1829 1308 1889 literas
1332 1848 1425 1906 grace
1452 1829 1572 1907 scripsit
1595 1827 1632 1887 ad
1663 1827 1845 1887 Hadrianum

222 1923 352 2004 'fempus
377 1923 464 2001 hujus
482 1936 587 1995 motus,
608 1922 644 1981 de
667 1942 727 2000 quc
747 1921 928 1979 accuratiora
950 1940 1011 1979 non
1056 1924 1244 1997 familiarem,
1269 1926 1369 1984 virum
1398 1944 1491 2001 gram
1520 1925 1638 1984 doctum
1659 1937 1688 1983 et
1712 1923 1845 1985 eruditu·

223 2023 398 2101 accepimus,
418 2021 450 2079 in
464 2021 639 2096 vigesimum
657 2019 853 2095 ultimumque
867 2017 1010 2076 Hadriani
1055 2017 1133 2092 lum;
1150 2020 1183 2079 in
1202 2018 1309 2097 quibus
1325 2040 1390 2098 quas
1403 2019 1438 2079 ad
1461 2018 1612 2098 publicum
1634 2020 1768 2097 praetoris
1782 2039 1846 2077 mu·

222 2136 330 2175 annum
340 2118 409 2194 (136
419 2136 450 2194 p.
460 2115 648 2192 C.)ineidlt;
660 2133 727 2172 nam
735 2112 891 2171 ludaicum
899 2110 1009 2171 bellum
1055 2133 1111 2173 nus
1135 2113 1335 2192 pertinebant,
1354 2114 1403 2173 hic
1420 2114 1483 2173 illic
1504 2115 1605 2192 paucis
1624 2114 1754 2189 attigisse
1771 2114 1846 2173 satis

223 2224 351 2289 coeptum
364 2223 408 2268 est
421 2210 607 2288 imperatoris
618 2228 695 2267 anno
707 2207 821 2266 decimo
835 2220 916 2266 sento
931 2206 1009 2287 (Eu-
1056 2207 1153 2287 babet,
1167 2208 1303 2288 pluribus
1314 2228 1386 2269 vero
1395 2210 1516 2287 exponit
1525 2208 1561 2267 de
1574 2209 1612 2268 iis
1625 2228 1691 2285 quae
1701 2207 1844 2267 lladrinni

222 2304 285 2364 seb.
315 2303 453 2383 chron),
481 2303 587 2379 ἤκμασε
620 2302 736 2365 decimo
759 2314 861 2361 oetaro
886 2302 1010 2379 (Aristo
1054 2324 1209 2384 personam
1222 2304 1319 2386 (uisa
1333 2304 1845 2382 ubidestatuaejns,et§3derotis

222 2400 346 2458 Pellaeus
367 2418 415 2477 ap,
435 2398 540 2459 Euseb.
553 2399 590 2459 P.
609 2396 642 2456 ti.
657 2395 706 2469 iii,
723 2397 766 2475 6),
785 2397 899 2455 linitum
914 2410 1009 2457 autem
1053 2420 1109 2479 pro
1124 2401 1300 2479 imperatore
1313 2402 1346 2461 in
1365 2400 1511 2461 sacrificio
1521 2397 1715 2478 nuncupatis)
1728 2400 1775 2458 vel
1790 2418 1845 2459 sua

223 2515 300 2554 auno
317 2495 534 2555 undevicesimo
550 2492 674 2575 (Euseb.
694 2492 803 2553 Chron.
815 2491 874 2572 (Ἳ,
893 2492 966 2552 adeo
978 2506 1011 2552 ut
1054 2496 1150 2575 ipsius
1165 2496 1197 2555 in
1209 2498 1397 2572 navigatione
1410 2498 1467 2555 ista
1477 2494 1609 2574 pericula
1620 2494 1647 2573 (s
1665 2493 1721 2552 ὅσα
1732 2491 1762 2572 6)
1776 2513 1845 2572 spe-

222 2592 407 2652 subsecutum
421 2591 600 2651 Albanorum
608 2589 718 2648 bellum
729 2589 765 2648 ad
775 2602 942 2667 sequentem
951 2610 1010 2649 an·
1054 2592 1183 2664 stabant,
1196 2595 1244 2651 vel
1253 2594 1278 2651 si
1286 2591 1323 2651 de
1332 2592 1457 2668 singulis
1468 2591 1542 2651 locis
1553 2588 1754 2649 memorabilia
1763 2608 1845 2666 qua·

223 2708 293 2747 num
307 2686 490 2746 referendum
509 2686 557 2757 sit,
571 2705 631 2763 quo
649 2684 808 2743 Attianum
827 2684 945 2743 Tactica
957 2704 1011 2745 sua
1054 2690 1122 2750 dam
1135 2703 1322 2770 suppeterent
1334 2687 1377 2770 (ut
1390 2688 1481 2766 §7de
1495 2689 1608 2767 Apsaro
1617 2686 1689 2745 olim
1699 2686 1842 2763 Apsyrta,

222 2784 422 2861 composuisse
430 2783 492 2859 ipse
499 2799 553 2839 nos
562 2779 645 2837 docet
656 2778 725 2860 lm).
736 2779 924 2838 Horumvero
933 2781 1009 2839 scri-
1053 2788 1071 2863 3
1089 2808 1123 2846 ιο
1143 2786 1180 2846 de
1194 2786 1332 2846 Phasidis
1344 2804 1428 2863 aqua,
1443 2786 1460 2860 S
1483 2806 1515 2842 ιι
1529 2784 1567 2843 de
1580 2786 1675 2858 Argis
1693 2782 1777 2840 navis
1791 2800 1845 2839 an-

222 2878 386 2939 beudorum
401 2877 585 2936 occasionem
598 2875 714 2935 dedisse
727 2894 827 2934 curam
839 2874 1010 2935 ordinandae
1054 2900 1137 2953 cora,
1161 2882 1179 2958 S
1202 2882 1237 2939 16
1255 2880 1293 2940 de
1319 2879 1448 2939 Strobilc
1470 2891 1578 2949 monte,
1594 2877 1625 2935 in
1646 2895 1705 2954 quo
1726 2876 1845 2935 vinctus

222 2977 255 3035 iu
270 2976 425 3055 provincia
436 2973 600 3052 disciplinae
609 2973 746 3032 militaris
754 2986 784 3031 et
793 2973 893 3032 tuendi
909 2986 1011 3032 conus
1053 2977 1245 3038 Prometheus
1257 2975 1276 3057 ).
1294 2978 1427 3054 Denique
1446 2975 1562 3052 singula
1580 2995 1643 3052 quae
1664 2985 1731 3032 sunt
1744 2973 1846 3032 a'l'ra·

221 3073 331 3131 hostem
351 3071 481 3131 nominis
496 3069 631 3141 Romani,
658 3082 762 3146 sponte
780 3069 955 3145 intelligitur
963 3067 1007 3144 (').
1053 3086 1178 3152 perunte
1204 3091 1296 3150 usque
1325 3071 1362 3130 ad
1389 3070 1602 3149 sebastopolim
1627 3068 1706 3140 loca,
1724 3081 1843 3147 portus,

221 3167 357 3228 Pericula
369 3165 595 3226 istaabarbaris
609 3163 808 3243 impendentia
819 3184 908 3242 quum
927 3165 1009 3224 nullo
1054 3171 1180 3243 fluvios,
1209 3188 1371 3246 eorumque
1394 3167 1566 3238 distantias,
1599 3168 1724 3244 populos
1753 3165 1844 3222 etiam

222 3282 283 3321 non
294 3275 425 3341 tempore
436 3261 566 3320 cavenda
578 3273 685 3337 essent,
698 3260 804 3337 cuique
815 3260 935 3338 praetori
944 3280 1009 3320 mu·
1052 3265 1196 3326 barbaros
1204 3283 1364 3342 eorumque
1373 3264 1489 3340 regulos
1499 3275 1643 3334 recenset,
1655 3261 1728 3319 adeo
1738 3272 1771 3318 ut
1781 3273 1844 3318 tcta

221 3378 278 3417 nus
290 3359 404 3418 ineunti
415 3358 472 3416 hoc
485 3356 649 3435 injunctum
662 3359 828 3432 negotium,
844 3357 1009 3435 utprovin-
1054 3363 1184 3419 narratio
1206 3360 1243 3419 ad
1265 3361 1387 3417 sormam
1406 3357 1514 3437 peripli
1533 3355 1720 3434 geographici
1740 3355 1843 3432 proxi-

221 3455 275 3512 ciae
304 3468 415 3532 partem
442 3453 569 3511 bostium
596 3449 818 3510 incursionibus
850 3449 1007 3510 obnoxiam
1054 3473 1101 3514 me
1128 3453 1243 3514 recedat
1259 3454 1286 3535 [S
1308 3451 1395 3533 1-16).
1425 3451 1537 3510 Deinde
1557 3452 1644 3510 latius
1662 3450 1842 3528 exspatiatus

221 3548 317 3606 obiret
330 3548 573 3624 singulorumque
583 3547 767 3606 castellorum
778 3566 889 3618 muros,
903 3548 1007 3619 fossas,
1053 3551 1177 3610 alterurn
1192 3550 1238 3610 his
1262 3563 1348 3628 caput
1366 3547 1500 3626 adjungit
1531 3546 1558 3630 (S
1575 3545 1843 3626 17·25)paraplum

220 3641 371 3721 praesidia,
384 3660 480 3712 arma,
496 3654 687 3698 commeatum
702 3641 858 3716 diligenter
876 3641 1009 3720 inspice-
1054 3665 1140 3704 oraea
1161 3645 1293 3724 Bosporo
1311 3644 1435 3703 Thracio
1448 3663 1539 3721 usque
1558 3642 1594 3701 ad
1613 3639 1840 3719 Trapezuntem,

220 3831 368 3909 init,quo
378 3843 509 3910 tempore
522 3828 613 3908 Cotys
624 3830 650 3889 ll
664 3850 718 3889 rer
729 3831 785 3890 iato
796 3851 897 3891 recens
906 3831 1009 3893 defun·
1053 3835 1201 3894 mittendas
1222 3835 1289 3894 usui
1303 3853 1367 3894 esse
1383 3845 1489 3914 posset.
1505 3831 1618 3918 Quibus
1642 3829 1800 3904 absolutis,
1811 3843 1846 3890 ut

221 3941 285 3987 ctus
300 3941 364 3987 erat
374 3925 434 4008 (⁴¹⁴).
447 3926 525 3999 Quid
543 3940 612 3987 tunc
621 3927 653 3987 in
667 3927 889 3989 mediterraneis
899 3930 1007 4006 egerit,
1054 3930 1132 3990 ultro
1148 3930 1234 3990 etiam
1256 3929 1500 4009 progrediendum
1515 3927 1693 4006 reliquaeque
1708 3945 1768 3984 oras
1783 3923 1845 3984 de-

221 4102 308 4151 moral.
321 4100 370 4151 Vix
383 4099 483 4150 dubium
494 4101 541 4160 est,
558 4099 618 4162 quur
636 4111 718 4150 merus
726 4113 794 4151 error
807 4100 838 4152 sit
846 4101 986 4163 Ptolemaei,
998 4101 1048 4152 sire
1059 4102 1125 4166 quod
1134 4101 1291 4164 cappadocie
1304 4101 1450 4160 terminum,
1461 4101 1503 4163 qni
1517 4101 1633 4152 eratsnte
1643 4097 1774 4159 trsiamm
1785 4109 1843 4146 cnm

220 4171 311 4223 seriore
319 4172 494 4233 maiemisenit,
504 4171 555 4222 sire
566 4170 631 4233 cuod
644 4170 827 4234 sebastopolim,
840 4172 991 4234 potissimum
1004 4174 1063 4222 tunc
1073 4173 1196 4223 colchidis
1210 4172 1300 4232 locum,
1311 4183 1435 4234 perperam
1445 4171 1477 4220 sd
1489 4169 1629 4226 Phaedon,
1639 4167 1786 4232 precipuum
1799 4179 1843 4216 re·

221 4241 278 4293 teris
291 4243 361 4291 lamae
369 4242 490 4292 colentem
502 4239 596 4301 sedeam
610 4240 741 4302 transtulit,
753 4243 818 4292 siem
833 4241 938 4292 invicem
953 4247 1013 4300 AEa,
1028 4245 1102 4293 AEetae
1118 4244 1185 4304 urbs,
1199 4247 1315 4306 tanrum
1329 4242 1435 4304 priscum
1451 4237 1630 4292 nmmuotu
1649 4251 1737 4288 nornen
1752 4251 1783 4288 ex
1797 4238 1843 4288 tti-

221 4313 315 4362 esnoris
327 4312 506 4362 Metcnomasiis
515 4311 733 4391 memoraturapud
748 4311 896 4373 stephanum
911 4326 935 4363 r.
949 4313 1110 4377 Διυσιυυμας
1126 4313 1237 4362 Ceterum
1250 4311 1274 4360 in
1287 4312 1417 4362 Ptolemae
1428 4323 1495 4360 error
1505 4311 1546 4360 ille
1561 4309 1593 4360 ab
1604 4309 1776 4371 interpolatore
1787 4319 1844 4367 pro·

220 4382 293 4432 tresel
315 4381 570 4445 immitissimam
588 4381 613 4429 in
630 4379 753 4433 colomis
766 4379 928 4442 descriptione
942 4384 951 4440 l
961 4386 993 4444 v,
1003 4390 1018 4434 s
1029 4382 1094 4442 >urb
1107 4385 1149 4431 δίο
1162 4382 1200 4432 ts'
1223 4395 1272 4432 non
1295 4380 1465 4443 semsmpotts,
1485 4379 1527 4429 sed
1548 4379 1633 4430 Phasis
1651 4377 1710 4428 urbs
1731 4379 1840 4439 ponttm,

220 4449 383 4532 sebastopolis
391 4465 447 4500 sero
459 4456 575 4514 tanquam
583 4450 686 4500 alterum
696 4449 857 4500 Dioscuriadis
867 4463 956 4503 nornen
968 4457 1094 4517 (Διυσνουρ
1096 4469 1132 4508 ιας
1143 4455 1205 4510 issi
1221 4451 1391 4507 Σιόαστὸπυλις
1401 4453 1409 4512 )
1421 4450 1539 4500 nudatur.
1551 4449 1591 4500 sic
1604 4451 1669 4499 certe
1679 4461 1717 4498 res
1733 4445 1822 4496 isset·
1815 4459 1842 4496 ια

220 4519 350 4570 norbsinra
362 4521 483 4571 colonici
502 4520 608 4570 editione
623 4520 747 4584 lipsiensi
763 4524 794 4570 st
807 4520 917 4570 Phasidis
930 4522 1077 4590 mentionem
1095 4521 1188 4570 codices
1203 4523 1274 4584 greci
1294 4533 1342 4570 non
1355 4519 1452 4579 habeut,
1463 4518 1504 4570 sed
1516 4531 1531 4569 e
1543 4518 1624 4568 latinis
1635 4516 1739 4568 editores
1747 4515 1839 4564 intole-

221 4593 294 4650 ront;
308 4592 496 4645 rerbaautemi
511 4593 550 4640 sel
563 4591 735 4647 Σιόαστδπυλις
749 4590 992 4653 eodieescptimilli
1004 4580 1032 4642 's
1046 4593 1080 4642 Μ.
1094 4593 1185 4644 Palati
1201 4605 1239 4656 ap.
1253 4591 1328 4642 wito.
1340 4590 1495 4653 inmittunt:
1489 4588 1619 4650 ·‚adeont
1633 4587 1756 4638 sumtis
1766 4585 1844 4649 copiis

221 4625 313 4712 criticls
324 4675 361 4711 ros
372 4661 524 4721 duodiconis
533 4667 579 4723 est,
591 4661 743 4725 interpolatio
752 4662 777 4712 ln
790 4661 912 4714 colent&
924 4663 1085 4725 descriptione
1096 4661 1176 4712 lomtn
1187 4661 1287 4723 tanet,
1301 4664 1326 4711 et
1336 4671 1395 4711 suus
1407 4659 1539 4710 emenso
1549 4671 1617 4708 error
1627 4656 1715 4708 debeat
1726 4655 1841 4718 relinqui.

252 4730 275 4790 (
276 4734 284 4790 t
298 4729 465 4778 i’lrsrasmauro
480 4730 576 4780 iberum
588 4731 649 4794 regis
659 4730 751 4780 mentio
762 4729 811 4780 tit
803 4743 829 4780 tn
841 4731 927 4794 Peripl.
937 4730 992 4794 §to
978 4745 1025 4793 op
1040 4735 1094 4782 ais.

251 4797 274 4857 (·
275 4797 297 4859 )
307 4795 346 4848 ci.
359 4798 384 4845 i.
398 4797 429 4844 Μ.
440 4796 560 4848 Flenmer
568 4801 605 4849 De
618 4797 743 4848 itineribus
750 4800 777 4848 rt
786 4799 858 4849 rebus
863 4800 937 4863 gestas
947 4798 1080 4852 ttsdrisni
1073 4813 1132 4864 rnrp
1147 4814 1196 4856 sec.
1208 4814 1340 4854 numornrn
1349 4803 1374 4852 et
1383 4799 1565 4863 nemptonum
1575 4795 1842 4851 conmonuemus

223 4871 292 4928 roas,
305 4880 328 4930 p.
341 4871 371 4919 aa
383 4879 436 4928 sqq.

252 4936 312 4998 (Μ)
322 4937 413 4990 Arriae.
420 4939 487 4986 Tact.
500 4949 522 4986 e.
536 4939 565 4986 tt
576 4950 600 5000 p.
616 4942 661 4988 286
671 4937 711 4988 ed.
726 4937 807 4988 bitot.
823 4956 830 4988 a
848 4939 872 4996 ῐς
884 4939 952 5000 τήνδε
963 4940 1005 4999 τὴν
1017 4946 1138 5004 παροῦσαν
1152 4941 1280 5006 βασιλείαν,
1294 4943 1322 5001 ἣν
1332 4941 1447 5005 Ἁδριανὸς
1464 4941 1571 4992 eleuatis
1582 4939 1645 4990 τοῦτ’
1654 4937 1705 4994 lwt
1715 4935 1843 5000 βῦσῑδάῑ·

253 5008 286 5071 (*l
299 5008 404 5060 l‘erlinet
422 5007 470 5056 lroe
489 5009 562 5058 etiam
575 5009 735 5090 lragmentum
750 5008 857 5071 Arriani,
871 5010 938 5072 quod
958 5011 1096 5062 inscribitur
1110 5014 1218 5071 Ἔνιπαξις
1227 5013 1279 5063 κατ’
1290 5013 1355 5064 Ἄλαν
1356 5018 1399 5072 ῶν,
1411 5011 1437 5062 in
1450 5011 1538 5075 quibus
1547 5013 1649 5063 Ἀλανῶν
1664 5022 1707 5071 pro
1725 5009 1844 5058 ἈΜσνῶν

219 5075 417 5194 σιρριινριῑροτωνο
435 5044 869 5204 r'erllrcmomominumconlusiorie
887 5081 1335 5144 sapientiarsapientiam.
1356 5049 1542 5142 xtlttt,s,rs·
1560 5075 1840 5137 aomruxvtnot.

259 5159 284 5194 er
339 5158 397 5208 oopr
419 5149 438 5194 tl
475 5152 520 5208 tp
535 5152 589 5196 ott.

250 5215 287 5271 l*
287 5217 364 5278 ΠΜ
381 5214 468 5278 i‘eripl
479 5214 493 5278 ς
506 5222 535 5267 Μ
548 5230 572 5280 p.
586 5223 640 5267 ast
652 5218 739 5280 optym
753 5221 774 5268 ΙΙ
786 5219 851 5269 diem
867 5219 953 5272 obiisse
964 5233 1029 5272 anno
1041 5225 1086 5274 itt
1097 5235 1153 5272 erre
1164 5225 1307 5284 Bosporano
1326 5219 1374 5286 lali
1385 5220 1518 5272 tudunum
1529 5218 1586 5272 mul
1599 5221 1643 5271 tat
1656 5228 1679 5268 a.
1692 5216 1721 5267 c.
1733 5213 1785 5267 site
1793 5216 1841 5266 tar

223 5299 247 5337 a.
263 5299 287 5336 u.
302 5299 324 5337 e.
341 5287 644 5351 mmputandmisirean.
661 5297 741 5353 tttp.
758 5292 786 5342 c.
802 5291 988 5344 ldenutnorurn
1000 5296 1152 5346 constatct.
1168 5298 1219 5346 not.
1235 5307 1286 5358 seq.
