<?xml version="1.0" encoding="UTF-8"?>
<!DOCTYPE html PUBLIC "-//W3C//DTD XHTML 1.0 Transitional//EN"
    "http://www.w3.org/TR/xhtml1/DTD/xhtml1-transitional.dtd">
<html xmlns="http://www.w3.org/1999/xhtml" xml:lang="en" lang="en">
 <head>
  <title>
</title>
<meta http-equiv="Content-Type" content="text/html;charset=utf-8" />
  <meta name='ocr-system' content='tesseract 3.04.00' />
  <meta name='ocr-capabilities' content='ocr_page ocr_carea ocr_par ocr_line ocrx_word'/>
</head>
<body>
  <div class='ocr_page' id='page_1' title='image "./geographigraeci03mlgoog/geographigraeci03mlgoog_0062.png"; bbox 0 0 3950 5925; ppageno 0'>
   <div class='ocr_carea' id='block_1_1' title="bbox 232 409 1180 472">
    <p class='ocr_par' dir='ltr' id='par_1_1' title="bbox 232 409 1180 472">
     <span class='ocr_line' id='line_1_1' title="bbox 232 409 1180 472; baseline 0.007 -7"><span class='ocrx_word' id='word_1_1' title='bbox 232 423 273 465; x_wconf 82' lang='lat' dir='ltr'>cn</span> <span class='ocrx_word' id='word_1_2' title='bbox 880 409 1180 472; x_wconf 78' lang='lat' dir='ltr'>rtoteecnnnt.</span> 
     </span>
    </p>
   </div>
   <div class='ocr_carea' id='block_1_2' title="bbox 230 535 1850 1000">
    <p class='ocr_par' dir='ltr' id='par_1_2' title="bbox 230 535 1850 902">
     <span class='ocr_line' id='line_1_2' title="bbox 231 535 1845 619; baseline 0 -28"><span class='ocrx_word' id='word_1_3' title='bbox 231 536 307 611; x_wconf 63' lang='lat' dir='ltr'>plcre]</span> <span class='ocrx_word' id='word_1_4' title='bbox 321 537 366 594; x_wconf 82' lang='grc' dir='ltr'>καὶ</span> <span class='ocrx_word' id='word_1_5' title='bbox 381 537 530 609; x_wconf 79' lang='grc' dir='ltr'>λασιωτάτη</span> <span class='ocrx_word' id='word_1_6' title='bbox 544 538 601 619; x_wconf 76' lang='grc' dir='ltr'>ῥίζα</span> <span class='ocrx_word' id='word_1_7' title='bbox 613 540 660 608; x_wconf 75' lang='grc' dir='ltr'>τῆς</span> <span class='ocrx_word' id='word_1_8' title='bbox 674 536 772 603; x_wconf 75' lang='grc' dir='ltr'>πόλεως</span> <span class='ocrx_word' id='word_1_9' title='bbox 784 538 792 613; x_wconf 73' lang='lat' dir='ltr'>l</span> <span class='ocrx_word' id='word_1_10' title='bbox 805 540 851 609; x_wconf 79' lang='grc' dir='ltr'>τῆς</span> <span class='ocrx_word' id='word_1_11' title='bbox 860 540 1015 619; x_wconf 83' lang='grc' dir='ltr'>Δημητριά·</span> <span class='ocrx_word' id='word_1_12' title='bbox 1059 554 1089 599; x_wconf 91' lang='lat' dir='ltr'>tc</span> <span class='ocrx_word' id='word_1_13' title='bbox 1112 542 1352 616; x_wconf 77' lang='lat' dir='ltr'>fragmentorum,</span> <span class='ocrx_word' id='word_1_14' title='bbox 1365 553 1397 598; x_wconf 88' lang='lat' dir='ltr'>ut</span> <span class='ocrx_word' id='word_1_15' title='bbox 1411 539 1558 616; x_wconf 88' lang='lat' dir='ltr'>reliquum</span> <span class='ocrx_word' id='word_1_16' title='bbox 1573 535 1735 595; x_wconf 86' lang='lat' dir='ltr'>indiculum</span> <span class='ocrx_word' id='word_1_17' title='bbox 1755 554 1845 594; x_wconf 86' lang='lat' dir='ltr'>suurn</span> 
     </span>
     <span class='ocr_line' id='line_1_3' title="bbox 230 630 1847 712; baseline 0.002 -25"><span class='ocrx_word' id='word_1_18' title='bbox 230 630 289 707; x_wconf 79' lang='grc' dir='ltr'>δος)</span> <span class='ocrx_word' id='word_1_19' title='bbox 308 632 385 689; x_wconf 77' lang='grc' dir='ltr'>κατὰ</span> <span class='ocrx_word' id='word_1_20' title='bbox 403 632 459 708; x_wconf 75' lang='grc' dir='ltr'>μὲν</span> <span class='ocrx_word' id='word_1_21' title='bbox 477 636 576 693; x_wconf 81' lang='grc' dir='ltr'>πλοῦν</span> <span class='ocrx_word' id='word_1_22' title='bbox 592 632 611 701; x_wconf 81' lang='grc' dir='ltr'>ζ’</span> <span class='ocrx_word' id='word_1_23' title='bbox 626 635 659 709; x_wconf 71' lang='grc' dir='ltr'>(Ρ)</span> <span class='ocrx_word' id='word_1_24' title='bbox 674 632 769 711; x_wconf 76' lang='grc' dir='ltr'>ἀπέχει</span> <span class='ocrx_word' id='word_1_25' title='bbox 783 632 889 705; x_wconf 80' lang='grc' dir='ltr'>στάδια,</span> <span class='ocrx_word' id='word_1_26' title='bbox 902 636 968 711; x_wconf 79' lang='grc' dir='ltr'>πεζῇ</span> <span class='ocrx_word' id='word_1_27' title='bbox 987 633 1015 693; x_wconf 75' lang='lat' dir='ltr'>il</span> <span class='ocrx_word' id='word_1_28' title='bbox 1058 636 1207 707; x_wconf 82' lang='lat' dir='ltr'><strong>elicuerit,</strong></span> <span class='ocrx_word' id='word_1_29' title='bbox 1235 636 1280 693; x_wconf 91' lang='lat' dir='ltr'>sic</span> <span class='ocrx_word' id='word_1_30' title='bbox 1306 636 1393 693; x_wconf 85' lang='lat' dir='ltr'>etiam</span> <span class='ocrx_word' id='word_1_31' title='bbox 1421 636 1458 693; x_wconf 89' lang='lat' dir='ltr'>de</span> <span class='ocrx_word' id='word_1_32' title='bbox 1489 638 1584 712; x_wconf 84' lang='lat' dir='ltr'>patria</span> <span class='ocrx_word' id='word_1_33' title='bbox 1613 634 1741 691; x_wconf 89' lang='lat' dir='ltr'>auctoris</span> <span class='ocrx_word' id='word_1_34' title='bbox 1772 652 1847 689; x_wconf 92' lang='lat' dir='ltr'>con·</span> 
     </span>
     <span class='ocr_line' id='line_1_4' title="bbox 231 723 1847 805; baseline 0.002 -25"><span class='ocrx_word' id='word_1_35' title='bbox 231 723 263 783; x_wconf 77' lang='grc' dir='ltr'>ι’.</span> <span class='ocrx_word' id='word_1_36' title='bbox 278 726 318 783; x_wconf 80' lang='grc' dir='ltr'>λα</span> <span class='ocrx_word' id='word_1_37' title='bbox 327 726 463 785; x_wconf 86' lang='lat' dir='ltr'>similiter</span> <span class='ocrx_word' id='word_1_38' title='bbox 474 725 512 785; x_wconf 93' lang='lat' dir='ltr'>de</span> <span class='ocrx_word' id='word_1_39' title='bbox 524 727 591 786; x_wconf 91' lang='lat' dir='ltr'>aliis</span> <span class='ocrx_word' id='word_1_40' title='bbox 599 747 658 785; x_wconf 82' lang='lat' dir='ltr'>orae</span> <span class='ocrx_word' id='word_1_41' title='bbox 674 728 826 785; x_wconf 72' lang='lat' dir='ltr'>maritime</span> <span class='ocrx_word' id='word_1_42' title='bbox 839 729 1014 787; x_wconf 88' lang='lat' dir='ltr'>locisdisse·</span> <span class='ocrx_word' id='word_1_43' title='bbox 1055 728 1199 805; x_wconf 87' lang='lat' dir='ltr'>jecturarn</span> <span class='ocrx_word' id='word_1_44' title='bbox 1225 731 1333 790; x_wconf 86' lang='lat' dir='ltr'>lecerit.</span> <span class='ocrx_word' id='word_1_45' title='bbox 1364 729 1427 787; x_wconf 91' lang='lat' dir='ltr'>lluc</span> <span class='ocrx_word' id='word_1_46' title='bbox 1447 729 1558 787; x_wconf 85' lang='lat' dir='ltr'>accedit</span> <span class='ocrx_word' id='word_1_47' title='bbox 1583 728 1663 805; x_wconf 86' lang='lat' dir='ltr'>quod</span> <span class='ocrx_word' id='word_1_48' title='bbox 1684 747 1760 805; x_wconf 92' lang='lat' dir='ltr'>opus</span> <span class='ocrx_word' id='word_1_49' title='bbox 1787 746 1847 784; x_wconf 92' lang='lat' dir='ltr'>no·</span> 
     </span>
     <span class='ocr_line' id='line_1_5' title="bbox 231 824 1850 902; baseline 0 -22"><span class='ocrx_word' id='word_1_50' title='bbox 231 842 298 880; x_wconf 90' lang='lat' dir='ltr'>rens</span> <span class='ocrx_word' id='word_1_51' title='bbox 306 837 406 882; x_wconf 88' lang='lat' dir='ltr'>auctor</span> <span class='ocrx_word' id='word_1_52' title='bbox 421 825 558 902; x_wconf 86' lang='lat' dir='ltr'>paraplcs</span> <span class='ocrx_word' id='word_1_53' title='bbox 568 826 782 886; x_wconf 88' lang='lat' dir='ltr'>memoraverit.</span> <span class='ocrx_word' id='word_1_54' title='bbox 1058 838 1150 885; x_wconf 91' lang='lat' dir='ltr'>strum</span> <span class='ocrx_word' id='word_1_55' title='bbox 1168 827 1314 885; x_wconf 90' lang='lat' dir='ltr'>Heraclidi</span> <span class='ocrx_word' id='word_1_56' title='bbox 1331 826 1447 885; x_wconf 91' lang='lat' dir='ltr'>cuidam</span> <span class='ocrx_word' id='word_1_57' title='bbox 1470 824 1679 883; x_wconf 84' lang='lat' dir='ltr'>vindicandum</span> <span class='ocrx_word' id='word_1_58' title='bbox 1698 842 1761 882; x_wconf 84' lang='lat' dir='ltr'>csse</span> <span class='ocrx_word' id='word_1_59' title='bbox 1778 842 1850 881; x_wconf 85' lang='lat' dir='ltr'>sua·</span> 
     </span>
    </p>

    <p class='ocr_par' dir='ltr' id='par_1_3' title="bbox 273 916 1849 1000">
     <span class='ocr_line' id='line_1_6' title="bbox 273 916 1849 1000; baseline 0.001 -27"><span class='ocrx_word' id='word_1_60' title='bbox 273 918 322 989; x_wconf 82' lang='lat'>73.</span> <span class='ocrx_word' id='word_1_61' title='bbox 333 917 463 977; x_wconf 86' lang='lat' dir='ltr'>Ceterum</span> <span class='ocrx_word' id='word_1_62' title='bbox 475 917 565 977; x_wconf 87' lang='lat' dir='ltr'>verba</span> <span class='ocrx_word' id='word_1_63' title='bbox 576 919 678 977; x_wconf 76' lang='grc' dir='ltr'>πολεων</span> <span class='ocrx_word' id='word_1_64' title='bbox 691 919 841 995; x_wconf 82' lang='grc' dir='ltr'>σκώμματα</span> <span class='ocrx_word' id='word_1_65' title='bbox 852 919 958 979; x_wconf 80' lang='grc' dir='ltr'>καὶὸδολ</span> <span class='ocrx_word' id='word_1_66' title='bbox 970 919 1016 978; x_wconf 82' lang='grc' dir='ltr'>καλ</span> <span class='ocrx_word' id='word_1_67' title='bbox 1058 921 1108 980; x_wconf 87' lang='lat' dir='ltr'>det</span> <span class='ocrx_word' id='word_1_68' title='bbox 1120 922 1339 1000; x_wconf 78' lang='lat' dir='ltr'>Apolloniusin</span> <span class='ocrx_word' id='word_1_69' title='bbox 1358 920 1467 981; x_wconf 84' lang='lat' dir='ltr'>Mirab.</span> <span class='ocrx_word' id='word_1_70' title='bbox 1482 942 1509 982; x_wconf 89' lang='lat' dir='ltr'>c.</span> <span class='ocrx_word' id='word_1_71' title='bbox 1533 941 1581 995; x_wconf 84' lang='lat'>19,</span> <span class='ocrx_word' id='word_1_72' title='bbox 1596 918 1649 977; x_wconf 89' lang='lat' dir='ltr'>ubi</span> <span class='ocrx_word' id='word_1_73' title='bbox 1669 916 1849 997; x_wconf 72' lang='grc' dir='ltr'>Ἡρακλείδης</span> 
     </span>
    </p>
   </div>
   <div class='ocr_carea' id='block_1_3' title="bbox 231 1012 1940 1097">
    <p class='ocr_par' dir='ltr' id='par_1_4' title="bbox 231 1012 1940 1097">
     <span class='ocr_line' id='line_1_7' title="bbox 231 1012 1940 1097; baseline 0.014 -29"><span class='ocrx_word' id='word_1_74' title='bbox 231 1012 370 1090; x_wconf 71' lang='lat' dir='ltr'>saphrim&lt;</span> <span class='ocrx_word' id='word_1_75' title='bbox 382 1027 461 1089; x_wconf 87' lang='lat' dir='ltr'>patet</span> <span class='ocrx_word' id='word_1_76' title='bbox 473 1014 546 1073; x_wconf 91' lang='lat' dir='ltr'>nihil</span> <span class='ocrx_word' id='word_1_77' title='bbox 559 1017 688 1075; x_wconf 87' lang='lat' dir='ltr'>essenisi</span> <span class='ocrx_word' id='word_1_78' title='bbox 698 1016 871 1088; x_wconf 88' lang='lat' dir='ltr'>indiculum,</span> <span class='ocrx_word' id='word_1_79' title='bbox 883 1017 1016 1094; x_wconf 88' lang='lat' dir='ltr'>quemli·</span> <span class='ocrx_word' id='word_1_80' title='bbox 1058 1012 1849 1097; x_wconf 61' lang='grc' dir='ltr'>οιιριτοιλς(1(ρητινάνςοο(λ.;οιιν.νν.(λ)ὶντῖξ)ῙῙῑΡἱ</span> <span class='ocrx_word' id='word_1_81' title='bbox 1936 1052 1940 1061; x_wconf 93' lang='lat'>·</span> 
     </span>
    </p>
   </div>
   <div class='ocr_carea' id='block_1_4' title="bbox 230 1106 1851 2424">
    <p class='ocr_par' dir='ltr' id='par_1_5' title="bbox 230 1106 1850 2331">
     <span class='ocr_line' id='line_1_8' title="bbox 230 1106 1848 1189; baseline 0 -25"><span class='ocrx_word' id='word_1_82' title='bbox 230 1106 346 1167; x_wconf 86' lang='lat' dir='ltr'>brarius</span> <span class='ocrx_word' id='word_1_83' title='bbox 364 1128 401 1167; x_wconf 82' lang='lat' dir='ltr'>ex</span> <span class='ocrx_word' id='word_1_84' title='bbox 421 1124 592 1186; x_wconf 87' lang='lat' dir='ltr'>argumento</span> <span class='ocrx_word' id='word_1_85' title='bbox 609 1112 836 1187; x_wconf 79' lang='lat' dir='ltr'><strong>fragmentorum</strong></span> <span class='ocrx_word' id='word_1_86' title='bbox 853 1112 1014 1188; x_wconf 82' lang='lat' dir='ltr'>collegerit.</span> <span class='ocrx_word' id='word_1_87' title='bbox 1059 1115 1112 1170; x_wconf 83' lang='grc' dir='ltr'>τῶν</span> <span class='ocrx_word' id='word_1_88' title='bbox 1123 1113 1198 1189; x_wconf 73' lang='grc' dir='ltr'>ἐντῇ</span> <span class='ocrx_word' id='word_1_89' title='bbox 1221 1109 1331 1170; x_wconf 82' lang='grc' dir='ltr'>Ἑλλάδι</span> <span class='ocrx_word' id='word_1_90' title='bbox 1344 1110 1446 1169; x_wconf 79' lang='grc' dir='ltr'>πολεων</span> <span class='ocrx_word' id='word_1_91' title='bbox 1458 1110 1607 1188; x_wconf 83' lang='lat' dir='ltr'>deplanta</span> <span class='ocrx_word' id='word_1_92' title='bbox 1626 1108 1751 1185; x_wconf 79' lang='lat' dir='ltr'>quadam</span> <span class='ocrx_word' id='word_1_93' title='bbox 1770 1108 1848 1165; x_wconf 85' lang='lat' dir='ltr'>Pelii</span> 
     </span>
     <span class='ocr_line' id='line_1_9' title="bbox 230 1201 1849 1285; baseline 0.001 -28"><span class='ocrx_word' id='word_1_94' title='bbox 230 1201 304 1259; x_wconf 86' lang='lat' dir='ltr'>Vera</span> <span class='ocrx_word' id='word_1_95' title='bbox 318 1205 417 1281; x_wconf 85' lang='lat' dir='ltr'>operis</span> <span class='ocrx_word' id='word_1_96' title='bbox 431 1206 537 1282; x_wconf 79' lang='lat' dir='ltr'>integri</span> <span class='ocrx_word' id='word_1_97' title='bbox 548 1207 704 1285; x_wconf 77' lang='lat' dir='ltr'>inscriptio</span> <span class='ocrx_word' id='word_1_98' title='bbox 713 1220 742 1265; x_wconf 88' lang='lat' dir='ltr'>et</span> <span class='ocrx_word' id='word_1_99' title='bbox 753 1205 879 1265; x_wconf 84' lang='lat' dir='ltr'>ambitus</span> <span class='ocrx_word' id='word_1_100' title='bbox 886 1205 947 1283; x_wconf 89' lang='lat' dir='ltr'>jam</span> <span class='ocrx_word' id='word_1_101' title='bbox 962 1226 1016 1265; x_wconf 88' lang='lat' dir='ltr'>nos</span> <span class='ocrx_word' id='word_1_102' title='bbox 1059 1206 1323 1278; x_wconf 85' lang='lat' dir='ltr'>montislaudatur,</span> <span class='ocrx_word' id='word_1_103' title='bbox 1334 1224 1421 1283; x_wconf 90' lang='lat' dir='ltr'>quarn</span> <span class='ocrx_word' id='word_1_104' title='bbox 1433 1205 1538 1263; x_wconf 89' lang='lat' dir='ltr'>iisdem</span> <span class='ocrx_word' id='word_1_105' title='bbox 1554 1204 1614 1261; x_wconf 83' lang='lat' dir='ltr'>sere</span> <span class='ocrx_word' id='word_1_106' title='bbox 1624 1201 1724 1261; x_wconf 85' lang='lat' dir='ltr'>verbis</span> <span class='ocrx_word' id='word_1_107' title='bbox 1741 1201 1849 1261; x_wconf 85' lang='lat' dir='ltr'>Noster</span> 
     </span>
     <span class='ocr_line' id='line_1_10' title="bbox 232 1297 1848 1380; baseline -0.001 -25"><span class='ocrx_word' id='word_1_108' title='bbox 232 1299 330 1360; x_wconf 88' lang='lat' dir='ltr'>latent.</span> <span class='ocrx_word' id='word_1_109' title='bbox 352 1299 386 1358; x_wconf 94' lang='lat' dir='ltr'>ln</span> <span class='ocrx_word' id='word_1_110' title='bbox 402 1302 501 1378; x_wconf 90' lang='lat' dir='ltr'>primo</span> <span class='ocrx_word' id='word_1_111' title='bbox 517 1302 678 1379; x_wconf 79' lang='lat' dir='ltr'>fragmento</span> <span class='ocrx_word' id='word_1_112' title='bbox 700 1315 801 1363; x_wconf 82' lang='lat' dir='ltr'><strong>auctor</strong></span> <span class='ocrx_word' id='word_1_113' title='bbox 825 1302 970 1373; x_wconf 81' lang='lat' dir='ltr'>Eleusine,</span> <span class='ocrx_word' id='word_1_114' title='bbox 983 1314 1017 1359; x_wconf 91' lang='lat' dir='ltr'>ut</span> <span class='ocrx_word' id='word_1_115' title='bbox 1061 1302 1115 1380; x_wconf 83' lang='lat' dir='ltr'>(ir.</span> <span class='ocrx_word' id='word_1_116' title='bbox 1133 1304 1161 1374; x_wconf 84' lang='lat'>3,</span> <span class='ocrx_word' id='word_1_117' title='bbox 1175 1302 1192 1378; x_wconf 81' lang='lat' dir='ltr'>S</span> <span class='ocrx_word' id='word_1_118' title='bbox 1211 1300 1228 1359; x_wconf 80' lang='lat' dir='ltr'>b</span> <span class='ocrx_word' id='word_1_119' title='bbox 1243 1322 1274 1379; x_wconf 93' lang='lat' dir='ltr'>p.</span> <span class='ocrx_word' id='word_1_120' title='bbox 1291 1322 1345 1373; x_wconf 84' lang='lat'>¹⁰7</span> <span class='ocrx_word' id='word_1_121' title='bbox 1367 1300 1419 1359; x_wconf 92' lang='lat' dir='ltr'>ubi</span> <span class='ocrx_word' id='word_1_122' title='bbox 1429 1320 1457 1358; x_wconf 85' lang='lat' dir='ltr'>v.</span> <span class='ocrx_word' id='word_1_123' title='bbox 1468 1312 1529 1358; x_wconf 84' lang='lat' dir='ltr'>not.</span> <span class='ocrx_word' id='word_1_124' title='bbox 1543 1300 1553 1376; x_wconf 89' lang='lat'><strong>)</strong></span> <span class='ocrx_word' id='word_1_125' title='bbox 1569 1297 1722 1357; x_wconf 75' lang='lat' dir='ltr'>describit.</span> <span class='ocrx_word' id='word_1_126' title='bbox 1736 1297 1809 1355; x_wconf 85' lang='lat' dir='ltr'>Nam</span> <span class='ocrx_word' id='word_1_127' title='bbox 1820 1297 1848 1355; x_wconf 90' lang='lat' dir='ltr'>si</span> 
     </span>
     <span class='ocr_line' id='line_1_11' title="bbox 231 1392 1849 1476; baseline -0.001 -25"><span class='ocrx_word' id='word_1_128' title='bbox 231 1396 359 1469; x_wconf 88' lang='lat' dir='ltr'>videtur,</span> <span class='ocrx_word' id='word_1_129' title='bbox 390 1398 523 1475; x_wconf 73' lang='lat' dir='ltr'>procedit</span> <span class='ocrx_word' id='word_1_130' title='bbox 550 1399 693 1470; x_wconf 79' lang='lat' dir='ltr'>Athenas3</span> <span class='ocrx_word' id='word_1_131' title='bbox 714 1397 823 1476; x_wconf 88' lang='lat' dir='ltr'>quibus</span> <span class='ocrx_word' id='word_1_132' title='bbox 845 1398 1015 1473; x_wconf 80' lang='lat' dir='ltr'>descriptis,</span> <span class='ocrx_word' id='word_1_133' title='bbox 1060 1398 1094 1457; x_wconf 94' lang='lat' dir='ltr'>in</span> <span class='ocrx_word' id='word_1_134' title='bbox 1107 1396 1154 1455; x_wconf 91' lang='lat' dir='ltr'>his</span> <span class='ocrx_word' id='word_1_135' title='bbox 1168 1395 1327 1455; x_wconf 85' lang='lat' dir='ltr'>verborum</span> <span class='ocrx_word' id='word_1_136' title='bbox 1348 1413 1522 1454; x_wconf 88' lang='lat' dir='ltr'>consensum</span> <span class='ocrx_word' id='word_1_137' title='bbox 1541 1392 1644 1451; x_wconf 85' lang='lat' dir='ltr'>mirari</span> <span class='ocrx_word' id='word_1_138' title='bbox 1657 1393 1737 1463; x_wconf 91' lang='lat' dir='ltr'>licet,</span> <span class='ocrx_word' id='word_1_139' title='bbox 1752 1393 1849 1449; x_wconf 88' lang='lat' dir='ltr'>multo</span> 
     </span>
     <span class='ocr_line' id='line_1_12' title="bbox 232 1487 1847 1571; baseline -0.001 -23"><span class='ocrx_word' id='word_1_140' title='bbox 232 1492 329 1568; x_wconf 84' lang='lat' dir='ltr'>pergit</span> <span class='ocrx_word' id='word_1_141' title='bbox 342 1491 491 1571; x_wconf 87' lang='lat' dir='ltr'>Oropum,</span> <span class='ocrx_word' id='word_1_142' title='bbox 510 1493 579 1552; x_wconf 91' lang='lat' dir='ltr'>hinc</span> <span class='ocrx_word' id='word_1_143' title='bbox 596 1498 773 1569; x_wconf 86' lang='lat' dir='ltr'>Tanagram,</span> <span class='ocrx_word' id='word_1_144' title='bbox 790 1492 1016 1565; x_wconf 82' lang='lat' dir='ltr'>Plataess,&#39;lhe·</span> <span class='ocrx_word' id='word_1_145' title='bbox 1060 1492 1201 1569; x_wconf 89' lang='lat' dir='ltr'>majorem</span> <span class='ocrx_word' id='word_1_146' title='bbox 1223 1493 1408 1551; x_wconf 76' lang='lat' dir='ltr'>mirationem</span> <span class='ocrx_word' id='word_1_147' title='bbox 1428 1490 1517 1549; x_wconf 88' lang='lat' dir='ltr'>habet</span> <span class='ocrx_word' id='word_1_148' title='bbox 1534 1490 1614 1567; x_wconf 91' lang='lat' dir='ltr'>quod</span> <span class='ocrx_word' id='word_1_149' title='bbox 1636 1490 1739 1547; x_wconf 90' lang='lat' dir='ltr'>titulus</span> <span class='ocrx_word' id='word_1_150' title='bbox 1760 1487 1847 1558; x_wconf 90' lang='lat' dir='ltr'>libri,</span> 
     </span>
     <span class='ocr_line' id='line_1_13' title="bbox 232 1583 1849 1667; baseline -0.002 -24"><span class='ocrx_word' id='word_1_151' title='bbox 232 1585 296 1659; x_wconf 86' lang='lat' dir='ltr'>bas,</span> <span class='ocrx_word' id='word_1_152' title='bbox 309 1587 715 1659; x_wconf 76' lang='lat' dir='ltr'>Anthedonembebissolis,</span> <span class='ocrx_word' id='word_1_153' title='bbox 726 1589 900 1667; x_wconf 84' lang='lat' dir='ltr'>quasipsum</span> <span class='ocrx_word' id='word_1_154' title='bbox 910 1588 1018 1647; x_wconf 90' lang='lat' dir='ltr'>adiisse</span> <span class='ocrx_word' id='word_1_155' title='bbox 1061 1608 1121 1666; x_wconf 91' lang='lat' dir='ltr'>quo</span> <span class='ocrx_word' id='word_1_156' title='bbox 1143 1606 1209 1646; x_wconf 89' lang='lat' dir='ltr'>are</span> <span class='ocrx_word' id='word_1_157' title='bbox 1231 1600 1347 1645; x_wconf 86' lang='lat' dir='ltr'>narrata</span> <span class='ocrx_word' id='word_1_158' title='bbox 1370 1586 1496 1644; x_wconf 87' lang='lat' dir='ltr'>alienior</span> <span class='ocrx_word' id='word_1_159' title='bbox 1517 1603 1581 1643; x_wconf 88' lang='lat' dir='ltr'>esse</span> <span class='ocrx_word' id='word_1_160' title='bbox 1608 1583 1735 1656; x_wconf 85' lang='lat' dir='ltr'>videtur,</span> <span class='ocrx_word' id='word_1_161' title='bbox 1764 1595 1849 1641; x_wconf 90' lang='lat' dir='ltr'>tanto</span> 
     </span>
     <span class='ocr_line' id='line_1_14' title="bbox 233 1678 1848 1761; baseline -0.001 -25"><span class='ocrx_word' id='word_1_162' title='bbox 233 1680 279 1739; x_wconf 84' lang='lat' dir='ltr'>vel</span> <span class='ocrx_word' id='word_1_163' title='bbox 294 1701 329 1740; x_wconf 84' lang='lat' dir='ltr'>ex</span> <span class='ocrx_word' id='word_1_164' title='bbox 347 1683 439 1741; x_wconf 88' lang='lat' dir='ltr'>verbo</span> <span class='ocrx_word' id='word_1_165' title='bbox 450 1682 597 1756; x_wconf 72' lang='grc' dir='ltr'>κατενόησα</span> <span class='ocrx_word' id='word_1_166' title='bbox 611 1685 629 1761; x_wconf 76' lang='lat' dir='ltr'>S</span> <span class='ocrx_word' id='word_1_167' title='bbox 646 1704 680 1743; x_wconf 84' lang='grc' dir='ltr'>νο</span> <span class='ocrx_word' id='word_1_168' title='bbox 699 1683 884 1759; x_wconf 83' lang='lat' dir='ltr'>intelligitur,</span> <span class='ocrx_word' id='word_1_169' title='bbox 898 1683 958 1759; x_wconf 87' lang='lat' dir='ltr'>agit</span> <span class='ocrx_word' id='word_1_170' title='bbox 969 1702 1018 1741; x_wconf 88' lang='lat' dir='ltr'>ac·</span> <span class='ocrx_word' id='word_1_171' title='bbox 1061 1684 1158 1761; x_wconf 79' lang='lat' dir='ltr'>aptius</span> <span class='ocrx_word' id='word_1_172' title='bbox 1168 1683 1199 1741; x_wconf 90' lang='lat' dir='ltr'>in</span> <span class='ocrx_word' id='word_1_173' title='bbox 1211 1696 1343 1741; x_wconf 90' lang='lat' dir='ltr'>nostrum</span> <span class='ocrx_word' id='word_1_174' title='bbox 1355 1700 1429 1759; x_wconf 91' lang='lat' dir='ltr'>opus</span> <span class='ocrx_word' id='word_1_175' title='bbox 1443 1680 1536 1752; x_wconf 86' lang='lat' dir='ltr'>cadit·,</span> <span class='ocrx_word' id='word_1_176' title='bbox 1552 1680 1625 1738; x_wconf 84' lang='lat' dir='ltr'>adeo</span> <span class='ocrx_word' id='word_1_177' title='bbox 1636 1692 1670 1737; x_wconf 90' lang='lat' dir='ltr'>ut</span> <span class='ocrx_word' id='word_1_178' title='bbox 1681 1678 1848 1736; x_wconf 83' lang='lat' dir='ltr'>vixeredas</span> 
     </span>
     <span class='ocr_line' id='line_1_15' title="bbox 233 1773 1850 1856; baseline -0.001 -22"><span class='ocrx_word' id='word_1_179' title='bbox 233 1778 371 1839; x_wconf 87' lang='lat' dir='ltr'>curatius.</span> <span class='ocrx_word' id='word_1_180' title='bbox 385 1779 496 1838; x_wconf 89' lang='lat' dir='ltr'>Deinde</span> <span class='ocrx_word' id='word_1_181' title='bbox 510 1791 662 1856; x_wconf 88' lang='lat' dir='ltr'>postquam</span> <span class='ocrx_word' id='word_1_182' title='bbox 671 1777 763 1836; x_wconf 86' lang='lat' dir='ltr'>verbo</span> <span class='ocrx_word' id='word_1_183' title='bbox 774 1778 887 1836; x_wconf 89' lang='lat' dir='ltr'>monuit</span> <span class='ocrx_word' id='word_1_184' title='bbox 895 1778 931 1836; x_wconf 90' lang='lat' dir='ltr'>de</span> <span class='ocrx_word' id='word_1_185' title='bbox 941 1778 966 1834; x_wconf 93' lang='lat' dir='ltr'>T</span> <span class='ocrx_word' id='word_1_186' title='bbox 967 1778 1018 1836; x_wconf 90' lang='lat' dir='ltr'>he·</span> <span class='ocrx_word' id='word_1_187' title='bbox 1061 1777 1135 1838; x_wconf 89' lang='lat' dir='ltr'>duos</span> <span class='ocrx_word' id='word_1_188' title='bbox 1142 1790 1275 1837; x_wconf 86' lang='lat' dir='ltr'>auctores</span> <span class='ocrx_word' id='word_1_189' title='bbox 1285 1778 1322 1835; x_wconf 90' lang='lat' dir='ltr'>de</span> <span class='ocrx_word' id='word_1_190' title='bbox 1330 1777 1429 1835; x_wconf 88' lang='lat' dir='ltr'>eadem</span> <span class='ocrx_word' id='word_1_191' title='bbox 1436 1778 1535 1854; x_wconf 89' lang='lat' dir='ltr'>planta</span> <span class='ocrx_word' id='word_1_192' title='bbox 1543 1775 1647 1833; x_wconf 86' lang='lat' dir='ltr'>iisdem</span> <span class='ocrx_word' id='word_1_193' title='bbox 1654 1793 1739 1849; x_wconf 73' lang='lat' dir='ltr'>paene</span> <span class='ocrx_word' id='word_1_194' title='bbox 1745 1773 1850 1833; x_wconf 82' lang='lat' dir='ltr'>verbis</span> 
     </span>
     <span class='ocr_line' id='line_1_16' title="bbox 234 1868 1850 1951; baseline -0.002 -21"><span class='ocrx_word' id='word_1_195' title='bbox 234 1872 308 1949; x_wconf 89' lang='lat' dir='ltr'>spiis</span> <span class='ocrx_word' id='word_1_196' title='bbox 322 1884 350 1930; x_wconf 91' lang='lat' dir='ltr'>et</span> <span class='ocrx_word' id='word_1_197' title='bbox 363 1872 556 1931; x_wconf 81' lang='lat' dir='ltr'>boeoticorum</span> <span class='ocrx_word' id='word_1_198' title='bbox 572 1872 689 1931; x_wconf 88' lang='lat' dir='ltr'>urbium</span> <span class='ocrx_word' id='word_1_199' title='bbox 707 1871 892 1950; x_wconf 84' lang='grc' dir='ltr'>άιιληρήμαοι,</span> <span class='ocrx_word' id='word_1_200' title='bbox 908 1873 1018 1931; x_wconf 78' lang='lat' dir='ltr'>Anthe-</span> <span class='ocrx_word' id='word_1_201' title='bbox 1061 1874 1094 1932; x_wconf 91' lang='lat' dir='ltr'>in</span> <span class='ocrx_word' id='word_1_202' title='bbox 1112 1892 1200 1951; x_wconf 90' lang='lat' dir='ltr'>opere</span> <span class='ocrx_word' id='word_1_203' title='bbox 1214 1872 1250 1930; x_wconf 91' lang='lat' dir='ltr'>de</span> <span class='ocrx_word' id='word_1_204' title='bbox 1265 1871 1393 1929; x_wconf 87' lang='lat' dir='ltr'>llelladis</span> <span class='ocrx_word' id='word_1_205' title='bbox 1414 1869 1539 1929; x_wconf 84' lang='lat' dir='ltr'>urbibus</span> <span class='ocrx_word' id='word_1_206' title='bbox 1557 1870 1740 1929; x_wconf 85' lang='lat' dir='ltr'>disseruisse.</span> <span class='ocrx_word' id='word_1_207' title='bbox 1759 1868 1850 1927; x_wconf 86' lang='lat' dir='ltr'>llecte</span> 
     </span>
     <span class='ocr_line' id='line_1_17' title="bbox 233 1954 1849 2045; baseline -0.001 -23"><span class='ocrx_word' id='word_1_208' title='bbox 233 1965 310 2023; x_wconf 92' lang='lat' dir='ltr'>done</span> <span class='ocrx_word' id='word_1_209' title='bbox 330 1969 433 2025; x_wconf 79' lang='lat' dir='ltr'>transit</span> <span class='ocrx_word' id='word_1_210' title='bbox 445 1968 476 2025; x_wconf 90' lang='lat' dir='ltr'>in</span> <span class='ocrx_word' id='word_1_211' title='bbox 495 1966 650 2041; x_wconf 79' lang='lat' dir='ltr'>Euboeam,</span> <span class='ocrx_word' id='word_1_212' title='bbox 671 1965 897 2044; x_wconf 85' lang='lat' dir='ltr'>Chalcidemque</span> <span class='ocrx_word' id='word_1_213' title='bbox 915 1965 1019 2025; x_wconf 90' lang='lat' dir='ltr'>urbem</span> <span class='ocrx_word' id='word_1_214' title='bbox 1061 1954 1210 2027; x_wconf 77' lang='lat' dir='ltr'>Olearium</span> <span class='ocrx_word' id='word_1_215' title='bbox 1223 1969 1301 2045; x_wconf 79' lang='lat' dir='ltr'>proh</span> <span class='ocrx_word' id='word_1_216' title='bbox 1312 1964 1443 2044; x_wconf 78' lang='grc' dir='ltr'>Κρητικὸς</span> <span class='ocrx_word' id='word_1_217' title='bbox 1455 1964 1617 2023; x_wconf 80' lang='lat' dir='ltr'>correxisse</span> <span class='ocrx_word' id='word_1_218' title='bbox 1629 1962 1849 2043; x_wconf 78' lang='grc' dir='ltr'>δκριτινιλς,ινοιν</span> 
     </span>
     <span class='ocr_line' id='line_1_18' title="bbox 235 2055 1850 2138; baseline 0.002 -23"><span class='ocrx_word' id='word_1_219' title='bbox 235 2060 329 2119; x_wconf 90' lang='lat' dir='ltr'>lnsius</span> <span class='ocrx_word' id='word_1_220' title='bbox 344 2060 493 2121; x_wconf 89' lang='lat' dir='ltr'>describit.</span> <span class='ocrx_word' id='word_1_221' title='bbox 507 2061 541 2119; x_wconf 94' lang='lat' dir='ltr'>ln</span> <span class='ocrx_word' id='word_1_222' title='bbox 561 2059 689 2121; x_wconf 89' lang='lat' dir='ltr'>secundo</span> <span class='ocrx_word' id='word_1_223' title='bbox 703 2061 865 2136; x_wconf 80' lang='lat' dir='ltr'>fragmento</span> <span class='ocrx_word' id='word_1_224' title='bbox 884 2082 900 2119; x_wconf 85' lang='lat' dir='ltr'>e</span> <span class='ocrx_word' id='word_1_225' title='bbox 915 2062 1018 2119; x_wconf 86' lang='lat' dir='ltr'>Deme·</span> <span class='ocrx_word' id='word_1_226' title='bbox 1061 2062 1244 2133; x_wconf 89' lang='lat' dir='ltr'>dubitamus;</span> <span class='ocrx_word' id='word_1_227' title='bbox 1257 2081 1324 2120; x_wconf 85' lang='lat' dir='ltr'>nam</span> <span class='ocrx_word' id='word_1_228' title='bbox 1336 2062 1362 2119; x_wconf 87' lang='lat' dir='ltr'>si</span> <span class='ocrx_word' id='word_1_229' title='bbox 1374 2061 1518 2120; x_wconf 85' lang='lat' dir='ltr'>Cretensis</span> <span class='ocrx_word' id='word_1_230' title='bbox 1533 2059 1659 2136; x_wconf 84' lang='lat' dir='ltr'>scriptor</span> <span class='ocrx_word' id='word_1_231' title='bbox 1671 2072 1755 2129; x_wconf 88' lang='lat' dir='ltr'>esset,</span> <span class='ocrx_word' id='word_1_232' title='bbox 1773 2055 1850 2138; x_wconf 71' lang='grc' dir='ltr'>Κρὴς</span> 
     </span>
     <span class='ocr_line' id='line_1_19' title="bbox 233 2153 1850 2240; baseline 0.001 -29"><span class='ocrx_word' id='word_1_233' title='bbox 233 2154 327 2214; x_wconf 88' lang='lat' dir='ltr'>triade</span> <span class='ocrx_word' id='word_1_234' title='bbox 338 2155 590 2214; x_wconf 85' lang='lat' dir='ltr'>urbeexcurritin</span> <span class='ocrx_word' id='word_1_235' title='bbox 602 2156 716 2215; x_wconf 89' lang='lat' dir='ltr'>Pelium</span> <span class='ocrx_word' id='word_1_236' title='bbox 730 2154 1019 2240; x_wconf 84' lang='lat' dir='ltr'>montern,deeoque</span> <span class='ocrx_word' id='word_1_237' title='bbox 1061 2157 1203 2216; x_wconf 87' lang='lat' dir='ltr'>dicendus</span> <span class='ocrx_word' id='word_1_238' title='bbox 1223 2168 1295 2215; x_wconf 87' lang='lat' dir='ltr'>erat.</span> <span class='ocrx_word' id='word_1_239' title='bbox 1315 2154 1396 2214; x_wconf 87' lang='lat' dir='ltr'>Nihil</span> <span class='ocrx_word' id='word_1_240' title='bbox 1419 2155 1518 2231; x_wconf 91' lang='lat' dir='ltr'>itaque</span> <span class='ocrx_word' id='word_1_241' title='bbox 1545 2153 1668 2232; x_wconf 90' lang='lat' dir='ltr'>impedit</span> <span class='ocrx_word' id='word_1_242' title='bbox 1688 2153 1850 2231; x_wconf 87' lang='lat' dir='ltr'>quominus</span> 
     </span>
     <span class='ocr_line' id='line_1_20' title="bbox 233 2250 1408 2331; baseline 0.004 -25"><span class='ocrx_word' id='word_1_243' title='bbox 233 2251 354 2327; x_wconf 88' lang='lat' dir='ltr'>exponit</span> <span class='ocrx_word' id='word_1_244' title='bbox 366 2250 523 2310; x_wconf 89' lang='lat' dir='ltr'>uberrime.</span> <span class='ocrx_word' id='word_1_245' title='bbox 543 2250 715 2327; x_wconf 85' lang='lat' dir='ltr'>Fragmento</span> <span class='ocrx_word' id='word_1_246' title='bbox 727 2250 826 2323; x_wconf 90' lang='lat' dir='ltr'>tertio,</span> <span class='ocrx_word' id='word_1_247' title='bbox 843 2270 860 2309; x_wconf 94' lang='lat' dir='ltr'>e</span> <span class='ocrx_word' id='word_1_248' title='bbox 873 2264 1020 2328; x_wconf 85' lang='lat' dir='ltr'>postrema</span> <span class='ocrx_word' id='word_1_249' title='bbox 1063 2252 1249 2311; x_wconf 77' lang='lat' dir='ltr'>Atheniensis</span> <span class='ocrx_word' id='word_1_250' title='bbox 1264 2252 1351 2310; x_wconf 86' lang='lat' dir='ltr'>luerit</span> <span class='ocrx_word' id='word_1_251' title='bbox 1361 2251 1408 2331; x_wconf 71' lang='lat'>(⁸).</span> 
     </span>
    </p>

    <p class='ocr_par' dir='ltr' id='par_1_6' title="bbox 234 2344 1851 2424">
     <span class='ocr_line' id='line_1_21' title="bbox 234 2344 1851 2424; baseline 0.002 -25"><span class='ocrx_word' id='word_1_252' title='bbox 234 2344 323 2402; x_wconf 86' lang='lat' dir='ltr'>totius</span> <span class='ocrx_word' id='word_1_253' title='bbox 335 2346 434 2421; x_wconf 90' lang='lat' dir='ltr'>operis</span> <span class='ocrx_word' id='word_1_254' title='bbox 447 2356 529 2423; x_wconf 89' lang='lat' dir='ltr'>parte</span> <span class='ocrx_word' id='word_1_255' title='bbox 541 2346 648 2424; x_wconf 90' lang='lat' dir='ltr'>petito,</span> <span class='ocrx_word' id='word_1_256' title='bbox 665 2358 765 2404; x_wconf 83' lang='lat' dir='ltr'>auctor</span> <span class='ocrx_word' id='word_1_257' title='bbox 780 2344 853 2402; x_wconf 85' lang='lat' dir='ltr'>fines</span> <span class='ocrx_word' id='word_1_258' title='bbox 873 2344 1017 2417; x_wconf 86' lang='lat' dir='ltr'>Helladis,</span> <span class='ocrx_word' id='word_1_259' title='bbox 1105 2358 1151 2420; x_wconf 72' lang='lat'>74.</span> <span class='ocrx_word' id='word_1_260' title='bbox 1163 2347 1257 2423; x_wconf 80' lang='lat' dir='ltr'>Vulgo</span> <span class='ocrx_word' id='word_1_261' title='bbox 1271 2347 1430 2422; x_wconf 84' lang='lat' dir='ltr'>fragmenta</span> <span class='ocrx_word' id='word_1_262' title='bbox 1438 2360 1538 2405; x_wconf 87' lang='lat' dir='ltr'>nostra</span> <span class='ocrx_word' id='word_1_263' title='bbox 1550 2366 1587 2403; x_wconf 83' lang='lat' dir='ltr'>ex</span> <span class='ocrx_word' id='word_1_264' title='bbox 1597 2344 1758 2403; x_wconf 81' lang='lat' dir='ltr'>Dicaearchi</span> <span class='ocrx_word' id='word_1_265' title='bbox 1772 2344 1851 2403; x_wconf 84' lang='lat' dir='ltr'>bles·</span> 
     </span>
    </p>
   </div>
   <div class='ocr_carea' id='block_1_5' title="bbox 141 2434 1850 2995">
    <p class='ocr_par' dir='ltr' id='par_1_7' title="bbox 141 2434 1850 2995">
     <span class='ocr_line' id='line_1_22' title="bbox 236 2434 1850 2519; baseline 0.003 -26"><span class='ocrx_word' id='word_1_266' title='bbox 236 2450 358 2495; x_wconf 88' lang='lat' dir='ltr'>sumtoa</span> <span class='ocrx_word' id='word_1_267' title='bbox 374 2434 685 2517; x_wconf 84' lang='lat' dir='ltr'>Peloponnesc&#39;initio,</span> <span class='ocrx_word' id='word_1_268' title='bbox 701 2458 794 2516; x_wconf 90' lang='lat' dir='ltr'>usque</span> <span class='ocrx_word' id='word_1_269' title='bbox 805 2438 841 2496; x_wconf 86' lang='lat' dir='ltr'>ad</span> <span class='ocrx_word' id='word_1_270' title='bbox 851 2438 1019 2497; x_wconf 89' lang='lat' dir='ltr'>llcmclium</span> <span class='ocrx_word' id='word_1_271' title='bbox 1062 2443 1139 2501; x_wconf 89' lang='lat' dir='ltr'>senii</span> <span class='ocrx_word' id='word_1_272' title='bbox 1153 2462 1252 2519; x_wconf 87' lang='lat' dir='ltr'>opere,</span> <span class='ocrx_word' id='word_1_273' title='bbox 1272 2442 1352 2519; x_wconf 86' lang='lat' dir='ltr'>quod</span> <span class='ocrx_word' id='word_1_274' title='bbox 1371 2440 1430 2507; x_wconf 80' lang='grc' dir='ltr'>Βίας</span> <span class='ocrx_word' id='word_1_275' title='bbox 1442 2440 1571 2506; x_wconf 78' lang='grc' dir='ltr'>Ἑλλάδος</span> <span class='ocrx_word' id='word_1_276' title='bbox 1593 2439 1777 2510; x_wconf 86' lang='lat' dir='ltr'>inscribitur,</span> <span class='ocrx_word' id='word_1_277' title='bbox 1795 2459 1850 2517; x_wconf 89' lang='lat' dir='ltr'>pe·</span> 
     </span>
     <span class='ocr_line' id='line_1_23' title="bbox 234 2532 1850 2613; baseline -0.001 -21"><span class='ocrx_word' id='word_1_278' title='bbox 234 2532 387 2607; x_wconf 83' lang='lat' dir='ltr'>Magnesiae</span> <span class='ocrx_word' id='word_1_279' title='bbox 400 2547 428 2591; x_wconf 91' lang='lat' dir='ltr'>et</span> <span class='ocrx_word' id='word_1_280' title='bbox 440 2533 550 2613; x_wconf 86' lang='lat' dir='ltr'>Tempe</span> <span class='ocrx_word' id='word_1_281' title='bbox 561 2534 768 2593; x_wconf 83' lang='lat' dir='ltr'>Thessalorum</span> <span class='ocrx_word' id='word_1_282' title='bbox 777 2534 923 2612; x_wconf 89' lang='lat' dir='ltr'>pertinere</span> <span class='ocrx_word' id='word_1_283' title='bbox 935 2534 1018 2607; x_wconf 90' lang='lat' dir='ltr'>dicit,</span> <span class='ocrx_word' id='word_1_284' title='bbox 1062 2537 1116 2595; x_wconf 86' lang='lat' dir='ltr'>tita</span> <span class='ocrx_word' id='word_1_285' title='bbox 1129 2556 1191 2595; x_wconf 89' lang='lat' dir='ltr'>esse</span> <span class='ocrx_word' id='word_1_286' title='bbox 1205 2550 1368 2596; x_wconf 87' lang='lat' dir='ltr'>censentur.</span> <span class='ocrx_word' id='word_1_287' title='bbox 1382 2535 1439 2593; x_wconf 79' lang='lat' dir='ltr'>vix</span> <span class='ocrx_word' id='word_1_288' title='bbox 1448 2536 1490 2593; x_wconf 86' lang='lat' dir='ltr'>ite</span> <span class='ocrx_word' id='word_1_289' title='bbox 1498 2536 1666 2593; x_wconf 88' lang='lat' dir='ltr'>statuissent</span> <span class='ocrx_word' id='word_1_290' title='bbox 1677 2533 1811 2612; x_wconf 90' lang='lat' dir='ltr'>plurimi,</span> <span class='ocrx_word' id='word_1_291' title='bbox 1823 2534 1850 2591; x_wconf 90' lang='lat' dir='ltr'>si</span> 
     </span>
     <span class='ocr_line' id='line_1_24' title="bbox 141 2626 1849 2709; baseline 0.002 -27"><span class='ocrx_word' id='word_1_292' title='bbox 141 2650 143 2655; x_wconf 95' lang='lat'>·</span> <span class='ocrx_word' id='word_1_293' title='bbox 235 2645 268 2683; x_wconf 87' lang='lat' dir='ltr'>ac</span> <span class='ocrx_word' id='word_1_294' title='bbox 283 2626 414 2685; x_wconf 80' lang='lat' dir='ltr'>refellere</span> <span class='ocrx_word' id='word_1_295' title='bbox 423 2628 624 2687; x_wconf 89' lang='lat' dir='ltr'>studeteorum</span> <span class='ocrx_word' id='word_1_296' title='bbox 642 2627 1019 2704; x_wconf 83' lang='lat' dir='ltr'>sententiam,qui&#39;lhessa·</span> <span class='ocrx_word' id='word_1_297' title='bbox 1063 2631 1295 2709; x_wconf 75' lang='lat' dir='ltr'>geographorum</span> <span class='ocrx_word' id='word_1_298' title='bbox 1328 2629 1459 2688; x_wconf 87' lang='lat' dir='ltr'>codicem</span> <span class='ocrx_word' id='word_1_299' title='bbox 1487 2630 1653 2688; x_wconf 84' lang='lat' dir='ltr'>Parisinum</span> <span class='ocrx_word' id='word_1_300' title='bbox 1684 2629 1849 2687; x_wconf 86' lang='lat' dir='ltr'>novissent.</span> 
     </span>
     <span class='ocr_line' id='line_1_25' title="bbox 233 2720 1849 2803; baseline 0.002 -26"><span class='ocrx_word' id='word_1_301' title='bbox 233 2720 303 2778; x_wconf 86' lang='lat' dir='ltr'>liam</span> <span class='ocrx_word' id='word_1_302' title='bbox 318 2720 439 2781; x_wconf 86' lang='lat' dir='ltr'>Graeciae</span> <span class='ocrx_word' id='word_1_303' title='bbox 453 2724 658 2781; x_wconf 86' lang='lat' dir='ltr'>accensendam</span> <span class='ocrx_word' id='word_1_304' title='bbox 679 2742 742 2783; x_wconf 88' lang='lat' dir='ltr'>esse</span> <span class='ocrx_word' id='word_1_305' title='bbox 762 2736 911 2799; x_wconf 83' lang='lat' dir='ltr'>negarent.</span> <span class='ocrx_word' id='word_1_306' title='bbox 924 2722 1021 2792; x_wconf 89' lang='lat' dir='ltr'>Quan·</span> <span class='ocrx_word' id='word_1_307' title='bbox 1063 2732 1273 2803; x_wconf 78' lang='lat' dir='ltr'>Argumentum</span> <span class='ocrx_word' id='word_1_308' title='bbox 1300 2727 1449 2787; x_wconf 86' lang='lat' dir='ltr'>sententiae</span> <span class='ocrx_word' id='word_1_309' title='bbox 1469 2737 1636 2785; x_wconf 89' lang='lat' dir='ltr'>sumserunt</span> <span class='ocrx_word' id='word_1_310' title='bbox 1655 2745 1691 2783; x_wconf 84' lang='lat' dir='ltr'>ex</span> <span class='ocrx_word' id='word_1_311' title='bbox 1709 2724 1810 2782; x_wconf 84' lang='lat' dir='ltr'>verbis</span> <span class='ocrx_word' id='word_1_312' title='bbox 1841 2746 1849 2781; x_wconf 73' lang='grc' dir='ltr'>ι</span> 
     </span>
     <span class='ocr_line' id='line_1_26' title="bbox 235 2812 1849 2901; baseline 0.004 -31"><span class='ocrx_word' id='word_1_313' title='bbox 235 2826 295 2871; x_wconf 91' lang='lat' dir='ltr'>tum</span> <span class='ocrx_word' id='word_1_314' title='bbox 309 2833 343 2871; x_wconf 88' lang='lat' dir='ltr'>ex</span> <span class='ocrx_word' id='word_1_315' title='bbox 359 2812 406 2872; x_wconf 91' lang='lat' dir='ltr'>his</span> <span class='ocrx_word' id='word_1_316' title='bbox 430 2816 529 2891; x_wconf 82' lang='lat' dir='ltr'>colligi</span> <span class='ocrx_word' id='word_1_317' title='bbox 547 2829 658 2893; x_wconf 89' lang='lat' dir='ltr'>potest,</span> <span class='ocrx_word' id='word_1_318' title='bbox 675 2818 800 2895; x_wconf 88' lang='lat' dir='ltr'>scriptor</span> <span class='ocrx_word' id='word_1_319' title='bbox 818 2829 916 2874; x_wconf 90' lang='lat' dir='ltr'>noster</span> <span class='ocrx_word' id='word_1_320' title='bbox 932 2818 1021 2876; x_wconf 89' lang='lat' dir='ltr'>totius</span> <span class='ocrx_word' id='word_1_321' title='bbox 1065 2821 1227 2901; x_wconf 74' lang='grc' dir='ltr'>Δικαιάρχου</span> <span class='ocrx_word' id='word_1_322' title='bbox 1241 2820 1378 2901; x_wconf 71' lang='grc' dir='ltr'>ἀναγραφὴ</span> <span class='ocrx_word' id='word_1_323' title='bbox 1392 2820 1534 2892; x_wconf 76' lang='grc' dir='ltr'>Ἑλλάδος,</span> <span class='ocrx_word' id='word_1_324' title='bbox 1544 2842 1609 2897; x_wconf 75' lang='lat' dir='ltr'>qnae</span> <span class='ocrx_word' id='word_1_325' title='bbox 1622 2821 1744 2877; x_wconf 77' lang='lat' dir='ltr'>Graeciae</span> <span class='ocrx_word' id='word_1_326' title='bbox 1757 2822 1849 2877; x_wconf 89' lang='lat' dir='ltr'>insu-</span> 
     </span>
     <span class='ocr_line' id='line_1_27' title="bbox 236 2907 1850 2995; baseline 0.005 -31"><span class='ocrx_word' id='word_1_327' title='bbox 236 2907 375 2981; x_wconf 84' lang='lat' dir='ltr'>lleliodis,</span> <span class='ocrx_word' id='word_1_328' title='bbox 389 2929 475 2988; x_wconf 85' lang='lat' dir='ltr'>quam</span> <span class='ocrx_word' id='word_1_329' title='bbox 486 2929 539 2969; x_wconf 92' lang='lat' dir='ltr'>nos</span> <span class='ocrx_word' id='word_1_330' title='bbox 551 2910 687 2984; x_wconf 89' lang='lat' dir='ltr'>dicimus,</span> <span class='ocrx_word' id='word_1_331' title='bbox 702 2912 872 2989; x_wconf 85' lang='lat' dir='ltr'>provincias</span> <span class='ocrx_word' id='word_1_332' title='bbox 886 2930 1020 2970; x_wconf 90' lang='lat' dir='ltr'>unacum</span> <span class='ocrx_word' id='word_1_333' title='bbox 1063 2916 1217 2995; x_wconf 80' lang='lat' dir='ltr'>lar-umque</span> <span class='ocrx_word' id='word_1_334' title='bbox 1231 2916 1396 2976; x_wconf 84' lang='lat' dir='ltr'>Graecarum</span> <span class='ocrx_word' id='word_1_335' title='bbox 1412 2915 1602 2994; x_wconf 88' lang='lat' dir='ltr'>descriptioni</span> <span class='ocrx_word' id='word_1_336' title='bbox 1615 2915 1740 2974; x_wconf 73' lang='lat' dir='ltr'>metricae</span> <span class='ocrx_word' id='word_1_337' title='bbox 1753 2912 1850 2991; x_wconf 86' lang='lat' dir='ltr'>subji-</span> 
     </span>
    </p>
   </div>
   <div class='ocr_carea' id='block_1_6' title="bbox 157 3003 1856 4810">
    <p class='ocr_par' dir='ltr' id='par_1_8' title="bbox 157 3003 1856 4810">
     <span class='ocr_line' id='line_1_28' title="bbox 234 3003 1850 3090; baseline 0.004 -30"><span class='ocrx_word' id='word_1_338' title='bbox 234 3003 261 3060; x_wconf 81' lang='lat' dir='ltr'>&#39;l&#39;</span> <span class='ocrx_word' id='word_1_339' title='bbox 262 3004 421 3063; x_wconf 86' lang='lat' dir='ltr'>bessuliaet</span> <span class='ocrx_word' id='word_1_340' title='bbox 431 3006 540 3065; x_wconf 83' lang='lat' dir='ltr'>Euboea</span> <span class='ocrx_word' id='word_1_341' title='bbox 553 3007 741 3086; x_wconf 85' lang='lat' dir='ltr'>descripsisse</span> <span class='ocrx_word' id='word_1_342' title='bbox 753 3009 879 3080; x_wconf 89' lang='lat' dir='ltr'>videtur,</span> <span class='ocrx_word' id='word_1_343' title='bbox 887 3029 946 3066; x_wconf 92' lang='lat' dir='ltr'>non</span> <span class='ocrx_word' id='word_1_344' title='bbox 961 3022 1018 3066; x_wconf 87' lang='lat' dir='ltr'>tarn</span> <span class='ocrx_word' id='word_1_345' title='bbox 1065 3013 1190 3074; x_wconf 90' lang='lat' dir='ltr'>ciuntur.</span> <span class='ocrx_word' id='word_1_346' title='bbox 1206 3011 1350 3070; x_wconf 86' lang='lat' dir='ltr'>Nimirum</span> <span class='ocrx_word' id='word_1_347' title='bbox 1373 3033 1462 3090; x_wconf 92' lang='lat' dir='ltr'>quum</span> <span class='ocrx_word' id='word_1_348' title='bbox 1491 3010 1625 3069; x_wconf 88' lang='lat' dir='ltr'>viderent</span> <span class='ocrx_word' id='word_1_349' title='bbox 1643 3029 1745 3088; x_wconf 86' lang='lat' dir='ltr'>poema</span> <span class='ocrx_word' id='word_1_350' title='bbox 1768 3009 1850 3067; x_wconf 91' lang='lat' dir='ltr'>istud</span> 
     </span>
     <span class='ocr_line' id='line_1_29' title="bbox 232 3099 1851 3185; baseline 0.003 -29"><span class='ocrx_word' id='word_1_351' title='bbox 232 3099 340 3175; x_wconf 87' lang='lat' dir='ltr'>justam</span> <span class='ocrx_word' id='word_1_352' title='bbox 354 3102 484 3159; x_wconf 92' lang='lat' dir='ltr'>omnium</span> <span class='ocrx_word' id='word_1_353' title='bbox 501 3102 706 3180; x_wconf 82' lang='lat' dir='ltr'>geographiam</span> <span class='ocrx_word' id='word_1_354' title='bbox 727 3123 915 3181; x_wconf 85' lang='lat' dir='ltr'>componens,</span> <span class='ocrx_word' id='word_1_355' title='bbox 931 3123 1017 3180; x_wconf 87' lang='lat' dir='ltr'>quarn</span> <span class='ocrx_word' id='word_1_356' title='bbox 1065 3108 1143 3184; x_wconf 92' lang='lat' dir='ltr'>quod</span> <span class='ocrx_word' id='word_1_357' title='bbox 1154 3128 1232 3166; x_wconf 92' lang='lat' dir='ltr'>nunc</span> <span class='ocrx_word' id='word_1_358' title='bbox 1246 3108 1382 3185; x_wconf 80' lang='lat' dir='ltr'>Dionysii</span> <span class='ocrx_word' id='word_1_359' title='bbox 1392 3127 1455 3166; x_wconf 87' lang='lat' dir='ltr'>csse</span> <span class='ocrx_word' id='word_1_360' title='bbox 1467 3119 1590 3177; x_wconf 89' lang='lat' dir='ltr'>constat,</span> <span class='ocrx_word' id='word_1_361' title='bbox 1604 3105 1640 3162; x_wconf 90' lang='lat' dir='ltr'>ad</span> <span class='ocrx_word' id='word_1_362' title='bbox 1650 3103 1851 3162; x_wconf 75' lang='lat' dir='ltr'>Dicaearchum</span> 
     </span>
     <span class='ocr_line' id='line_1_30' title="bbox 236 3198 1851 3278; baseline 0.004 -26"><span class='ocrx_word' id='word_1_363' title='bbox 236 3213 290 3252; x_wconf 92' lang='lat' dir='ltr'>suo</span> <span class='ocrx_word' id='word_1_364' title='bbox 301 3198 426 3274; x_wconf 87' lang='lat' dir='ltr'>quodam</span> <span class='ocrx_word' id='word_1_365' title='bbox 445 3199 597 3257; x_wconf 85' lang='lat' dir='ltr'>itinerario</span> <span class='ocrx_word' id='word_1_366' title='bbox 614 3213 758 3277; x_wconf 83' lang='lat' dir='ltr'>tamquam</span> <span class='ocrx_word' id='word_1_367' title='bbox 775 3200 864 3259; x_wconf 84' lang='lat' dir='ltr'>tundo</span> <span class='ocrx_word' id='word_1_368' title='bbox 881 3202 1022 3259; x_wconf 80' lang='lat' dir='ltr'>narratio·</span> <span class='ocrx_word' id='word_1_369' title='bbox 1064 3201 1239 3262; x_wconf 86' lang='lat' dir='ltr'>lllessenium</span> <span class='ocrx_word' id='word_1_370' title='bbox 1252 3203 1326 3261; x_wconf 91' lang='lat' dir='ltr'>nihil</span> <span class='ocrx_word' id='word_1_371' title='bbox 1343 3204 1506 3278; x_wconf 90' lang='lat' dir='ltr'>pertinere,</span> <span class='ocrx_word' id='word_1_372' title='bbox 1528 3220 1633 3260; x_wconf 90' lang='lat' dir='ltr'>nomeu</span> <span class='ocrx_word' id='word_1_373' title='bbox 1645 3200 1710 3278; x_wconf 91' lang='lat' dir='ltr'>ejus</span> <span class='ocrx_word' id='word_1_374' title='bbox 1722 3213 1851 3258; x_wconf 89' lang='lat' dir='ltr'>transtu·</span> 
     </span>
     <span class='ocr_line' id='line_1_31' title="bbox 236 3291 1852 3376; baseline 0.005 -30"><span class='ocrx_word' id='word_1_375' title='bbox 236 3291 282 3348; x_wconf 87' lang='lat' dir='ltr'>nis</span> <span class='ocrx_word' id='word_1_376' title='bbox 296 3304 389 3352; x_wconf 90' lang='lat' dir='ltr'>utens.</span> <span class='ocrx_word' id='word_1_377' title='bbox 407 3291 528 3352; x_wconf 89' lang='lat' dir='ltr'>Librum</span> <span class='ocrx_word' id='word_1_378' title='bbox 540 3294 617 3352; x_wconf 90' lang='lat' dir='ltr'>hunc</span> <span class='ocrx_word' id='word_1_379' title='bbox 632 3295 803 3374; x_wconf 92' lang='lat' dir='ltr'>inscriptum</span> <span class='ocrx_word' id='word_1_380' title='bbox 822 3296 911 3354; x_wconf 85' lang='lat' dir='ltr'>luisse</span> <span class='ocrx_word' id='word_1_381' title='bbox 924 3298 1022 3374; x_wconf 90' lang='lat' dir='ltr'>suspi-</span> <span class='ocrx_word' id='word_1_382' title='bbox 1064 3299 1162 3356; x_wconf 90' lang='lat' dir='ltr'>lerunt</span> <span class='ocrx_word' id='word_1_383' title='bbox 1172 3299 1206 3356; x_wconf 86' lang='lat' dir='ltr'>ad</span> <span class='ocrx_word' id='word_1_384' title='bbox 1217 3300 1349 3376; x_wconf 82' lang='lat' dir='ltr'>prosaice</span> <span class='ocrx_word' id='word_1_385' title='bbox 1362 3310 1459 3354; x_wconf 89' lang='lat' dir='ltr'>nostra</span> <span class='ocrx_word' id='word_1_386' title='bbox 1475 3297 1715 3374; x_wconf 60' lang='lat' dir='ltr'>fragmentaque</span> <span class='ocrx_word' id='word_1_387' title='bbox 1724 3295 1852 3372; x_wconf 86' lang='lat' dir='ltr'>poeticis</span> 
     </span>
     <span class='ocr_line' id='line_1_32' title="bbox 236 3375 1852 3471; baseline 0.002 -27"><span class='ocrx_word' id='word_1_388' title='bbox 236 3407 307 3445; x_wconf 84' lang='lat' dir='ltr'>cnr:</span> <span class='ocrx_word' id='word_1_389' title='bbox 326 3388 408 3467; x_wconf 71' lang='grc' dir='ltr'>Περὶ</span> <span class='ocrx_word' id='word_1_390' title='bbox 428 3391 490 3446; x_wconf 85' lang='grc' dir='ltr'>τῶν</span> <span class='ocrx_word' id='word_1_391' title='bbox 519 3391 550 3448; x_wconf 80' lang='grc' dir='ltr'>ἐν</span> <span class='ocrx_word' id='word_1_392' title='bbox 571 3395 609 3471; x_wconf 84' lang='grc' dir='ltr'>τῇ</span> <span class='ocrx_word' id='word_1_393' title='bbox 634 3389 771 3469; x_wconf 78' lang='grc' dir='ltr'>Ἑλλάδι</span> <span class='ocrx_word' id='word_1_394' title='bbox 793 3391 1020 3464; x_wconf 63' lang='lat' dir='ltr'>uilissimum</span> <span class='ocrx_word' id='word_1_395' title='bbox 1065 3396 1243 3453; x_wconf 88' lang='lat' dir='ltr'>inseruntur.</span> <span class='ocrx_word' id='word_1_396' title='bbox 1264 3394 1370 3452; x_wconf 90' lang='lat' dir='ltr'>Verum</span> <span class='ocrx_word' id='word_1_397' title='bbox 1395 3392 1562 3470; x_wconf 83' lang='lat' dir='ltr'>conjectura</span> <span class='ocrx_word' id='word_1_398' title='bbox 1583 3392 1644 3450; x_wconf 81' lang='lat' dir='ltr'>haec</span> <span class='ocrx_word' id='word_1_399' title='bbox 1667 3375 1742 3450; x_wconf 88' lang='lat' dir='ltr'>nihil</span> <span class='ocrx_word' id='word_1_400' title='bbox 1762 3389 1852 3449; x_wconf 86' lang='lat' dir='ltr'>habet</span> 
     </span>
     <span class='ocr_line' id='line_1_33' title="bbox 235 3485 1851 3567; baseline 0.001 -26"><span class='ocrx_word' id='word_1_401' title='bbox 235 3485 393 3559; x_wconf 87' lang='lat' dir='ltr'>singularis</span> <span class='ocrx_word' id='word_1_402' title='bbox 411 3485 498 3545; x_wconf 87' lang='lat' dir='ltr'>suerit</span> <span class='ocrx_word' id='word_1_403' title='bbox 515 3487 591 3546; x_wconf 90' lang='lat' dir='ltr'>liber</span> <span class='ocrx_word' id='word_1_404' title='bbox 607 3508 643 3546; x_wconf 92' lang='lat' dir='ltr'>an</span> <span class='ocrx_word' id='word_1_405' title='bbox 656 3509 724 3566; x_wconf 87' lang='lat' dir='ltr'>pars</span> <span class='ocrx_word' id='word_1_406' title='bbox 737 3488 858 3565; x_wconf 85' lang='lat' dir='ltr'>majoris</span> <span class='ocrx_word' id='word_1_407' title='bbox 869 3489 977 3567; x_wconf 88' lang='lat' dir='ltr'>operis,</span> <span class='ocrx_word' id='word_1_408' title='bbox 991 3491 1021 3547; x_wconf 86' lang='lat' dir='ltr'>in</span> <span class='ocrx_word' id='word_1_409' title='bbox 1065 3489 1358 3567; x_wconf 87' lang='lat' dir='ltr'>quoccmmendetur.</span> <span class='ocrx_word' id='word_1_410' title='bbox 1366 3487 1437 3545; x_wconf 86' lang='lat' dir='ltr'>Nam</span> <span class='ocrx_word' id='word_1_411' title='bbox 1446 3488 1470 3545; x_wconf 92' lang='lat' dir='ltr'>si</span> <span class='ocrx_word' id='word_1_412' title='bbox 1478 3486 1772 3562; x_wconf 84' lang='lat' dir='ltr'>ignorabaturauctcr</span> <span class='ocrx_word' id='word_1_413' title='bbox 1780 3506 1851 3563; x_wconf 90' lang='lat' dir='ltr'>ope·</span> 
     </span>
     <span class='ocr_line' id='line_1_34' title="bbox 235 3579 1852 3662; baseline 0.001 -25"><span class='ocrx_word' id='word_1_414' title='bbox 235 3579 332 3638; x_wconf 87' lang='lat' dir='ltr'>medio</span> <span class='ocrx_word' id='word_1_415' title='bbox 351 3583 497 3660; x_wconf 88' lang='lat' dir='ltr'>relinquo.</span> <span class='ocrx_word' id='word_1_416' title='bbox 518 3585 627 3642; x_wconf 86' lang='lat' dir='ltr'>ductor</span> <span class='ocrx_word' id='word_1_417' title='bbox 644 3586 800 3644; x_wconf 88' lang='lat' dir='ltr'>secundum</span> <span class='ocrx_word' id='word_1_418' title='bbox 817 3585 946 3643; x_wconf 88' lang='lat' dir='ltr'>codicem</span> <span class='ocrx_word' id='word_1_419' title='bbox 968 3586 1023 3646; x_wconf 88' lang='lat' dir='ltr'>luit</span> <span class='ocrx_word' id='word_1_420' title='bbox 1065 3592 1107 3644; x_wconf 91' lang='lat' dir='ltr'>ris</span> <span class='ocrx_word' id='word_1_421' title='bbox 1119 3587 1241 3658; x_wconf 90' lang='lat' dir='ltr'>metrici,</span> <span class='ocrx_word' id='word_1_422' title='bbox 1254 3585 1332 3662; x_wconf 92' lang='lat' dir='ltr'>quod</span> <span class='ocrx_word' id='word_1_423' title='bbox 1342 3584 1546 3662; x_wconf 84' lang='lat' dir='ltr'>Theophrasto</span> <span class='ocrx_word' id='word_1_424' title='bbox 1560 3583 1674 3640; x_wconf 87' lang='lat' dir='ltr'>cuidam</span> <span class='ocrx_word' id='word_1_425' title='bbox 1688 3581 1852 3653; x_wconf 86' lang='lat' dir='ltr'>dedicatur,</span> 
     </span>
     <span class='ocr_line' id='line_1_35' title="bbox 236 3677 1852 3759; baseline 0.002 -25"><span class='ocrx_word' id='word_1_426' title='bbox 236 3677 390 3736; x_wconf 77' lang='lat' dir='ltr'>dthenaeus</span> <span class='ocrx_word' id='word_1_427' title='bbox 406 3679 537 3754; x_wconf 86' lang='lat' dir='ltr'>quidam.</span> <span class='ocrx_word' id='word_1_428' title='bbox 561 3679 659 3737; x_wconf 85' lang='lat' dir='ltr'>Fidem</span> <span class='ocrx_word' id='word_1_429' title='bbox 684 3681 843 3739; x_wconf 89' lang='lat' dir='ltr'>testimonii</span> <span class='ocrx_word' id='word_1_430' title='bbox 864 3701 958 3755; x_wconf 89' lang='lat' dir='ltr'>neque</span> <span class='ocrx_word' id='word_1_431' title='bbox 975 3683 1023 3740; x_wconf 88' lang='lat' dir='ltr'>lir-</span> <span class='ocrx_word' id='word_1_432' title='bbox 1066 3684 1148 3741; x_wconf 81' lang='lat' dir='ltr'>facile</span> <span class='ocrx_word' id='word_1_433' title='bbox 1169 3684 1343 3758; x_wconf 87' lang='lat' dir='ltr'>intelligitur</span> <span class='ocrx_word' id='word_1_434' title='bbox 1367 3680 1420 3759; x_wconf 86' lang='lat' dir='ltr'>qui</span> <span class='ocrx_word' id='word_1_435' title='bbox 1441 3682 1545 3739; x_wconf 89' lang='lat' dir='ltr'>lactum</span> <span class='ocrx_word' id='word_1_436' title='bbox 1561 3684 1613 3751; x_wconf 91' lang='lat' dir='ltr'>sit,</span> <span class='ocrx_word' id='word_1_437' title='bbox 1629 3692 1662 3738; x_wconf 92' lang='lat' dir='ltr'>ut</span> <span class='ocrx_word' id='word_1_438' title='bbox 1681 3679 1852 3738; x_wconf 68' lang='lat' dir='ltr'>Dicaearcho</span> 
     </span>
     <span class='ocr_line' id='line_1_36' title="bbox 237 3770 1852 3852; baseline 0.001 -25"><span class='ocrx_word' id='word_1_439' title='bbox 237 3791 317 3829; x_wconf 89' lang='lat' dir='ltr'>mare</span> <span class='ocrx_word' id='word_1_440' title='bbox 326 3771 455 3845; x_wconf 90' lang='lat' dir='ltr'>aliunde,</span> <span class='ocrx_word' id='word_1_441' title='bbox 465 3793 559 3851; x_wconf 91' lang='lat' dir='ltr'>neque</span> <span class='ocrx_word' id='word_1_442' title='bbox 573 3775 746 3835; x_wconf 87' lang='lat' dir='ltr'>certioribus</span> <span class='ocrx_word' id='word_1_443' title='bbox 758 3778 1022 3852; x_wconf 86' lang='lat' dir='ltr'>argumentisever-</span> <span class='ocrx_word' id='word_1_444' title='bbox 1066 3777 1273 3835; x_wconf 85' lang='lat' dir='ltr'>vindicandum</span> <span class='ocrx_word' id='word_1_445' title='bbox 1281 3794 1343 3834; x_wconf 89' lang='lat' dir='ltr'>esse</span> <span class='ocrx_word' id='word_1_446' title='bbox 1353 3777 1470 3851; x_wconf 89' lang='lat' dir='ltr'>quidam</span> <span class='ocrx_word' id='word_1_447' title='bbox 1479 3785 1622 3852; x_wconf 89' lang='lat' dir='ltr'>putarent.</span> <span class='ocrx_word' id='word_1_448' title='bbox 1630 3770 1779 3830; x_wconf 82' lang='lat' dir='ltr'>Scilicet&#39;l&#39;</span> <span class='ocrx_word' id='word_1_449' title='bbox 1781 3770 1852 3828; x_wconf 91' lang='lat' dir='ltr'>hec·</span> 
     </span>
     <span class='ocr_line' id='line_1_37' title="bbox 237 3865 1853 3949; baseline -0.001 -25"><span class='ocrx_word' id='word_1_450' title='bbox 237 3869 1019 3949; x_wconf 68' lang='lat' dir='ltr'>terelicet,adeonteasitacquiescendum.Dubitatic«</span> <span class='ocrx_word' id='word_1_451' title='bbox 1064 3871 1244 3949; x_wconf 86' lang='lat' dir='ltr'>phrastusiis</span> <span class='ocrx_word' id='word_1_452' title='bbox 1253 3883 1315 3928; x_wconf 85' lang='lat' dir='ltr'>erat</span> <span class='ocrx_word' id='word_1_453' title='bbox 1325 3870 1495 3928; x_wconf 86' lang='lat' dir='ltr'>notissimus</span> <span class='ocrx_word' id='word_1_454' title='bbox 1504 3869 1554 3926; x_wconf 93' lang='lat' dir='ltr'>ille</span> <span class='ocrx_word' id='word_1_455' title='bbox 1563 3865 1853 3945; x_wconf 80' lang='lat' dir='ltr'>philosophus3quae·</span> 
     </span>
     <span class='ocr_line' id='line_1_38' title="bbox 237 3961 1851 4045; baseline 0 -25"><span class='ocrx_word' id='word_1_456' title='bbox 237 3967 282 4021; x_wconf 90' lang='lat' dir='ltr'>nis</span> <span class='ocrx_word' id='word_1_457' title='bbox 293 3975 386 4021; x_wconf 91' lang='lat' dir='ltr'>tamen</span> <span class='ocrx_word' id='word_1_458' title='bbox 400 3984 514 4023; x_wconf 79' lang='lat' dir='ltr'>caussas</span> <span class='ocrx_word' id='word_1_459' title='bbox 531 3986 589 4024; x_wconf 90' lang='lat' dir='ltr'>non</span> <span class='ocrx_word' id='word_1_460' title='bbox 605 3967 744 4027; x_wconf 88' lang='lat' dir='ltr'>reticebo.</span> <span class='ocrx_word' id='word_1_461' title='bbox 759 3968 871 4026; x_wconf 88' lang='lat' dir='ltr'>Etenim</span> <span class='ocrx_word' id='word_1_462' title='bbox 886 3989 973 4045; x_wconf 90' lang='lat' dir='ltr'>quum</span> <span class='ocrx_word' id='word_1_463' title='bbox 985 3990 1022 4026; x_wconf 88' lang='lat' dir='ltr'>ex</span> <span class='ocrx_word' id='word_1_464' title='bbox 1066 3969 1140 4026; x_wconf 86' lang='lat' dir='ltr'>ronti</span> <span class='ocrx_word' id='word_1_465' title='bbox 1149 3982 1241 4027; x_wconf 90' lang='lat' dir='ltr'>autem</span> <span class='ocrx_word' id='word_1_466' title='bbox 1252 3969 1329 4025; x_wconf 91' lang='lat' dir='ltr'>inter</span> <span class='ocrx_word' id='word_1_467' title='bbox 1337 3967 1444 4024; x_wconf 89' lang='lat' dir='ltr'>amicos</span> <span class='ocrx_word' id='word_1_468' title='bbox 1453 3965 1645 4043; x_wconf 86' lang='lat' dir='ltr'>Theophrasti</span> <span class='ocrx_word' id='word_1_469' title='bbox 1654 3977 1681 4021; x_wconf 89' lang='lat' dir='ltr'>et</span> <span class='ocrx_word' id='word_1_470' title='bbox 1689 3961 1851 4039; x_wconf 88' lang='lat' dir='ltr'>discipulos</span> 
     </span>
     <span class='ocr_line' id='line_1_39' title="bbox 237 4056 1854 4142; baseline -0.002 -27"><span class='ocrx_word' id='word_1_471' title='bbox 237 4059 414 4118; x_wconf 75' lang='lat' dir='ltr'>Athenarum</span> <span class='ocrx_word' id='word_1_472' title='bbox 428 4060 513 4120; x_wconf 82' lang='lat' dir='ltr'>laude</span> <span class='ocrx_word' id='word_1_473' title='bbox 527 4063 681 4138; x_wconf 83' lang='lat' dir='ltr'>magnilica</span> <span class='ocrx_word' id='word_1_474' title='bbox 695 4076 722 4120; x_wconf 89' lang='lat' dir='ltr'>et</span> <span class='ocrx_word' id='word_1_475' title='bbox 734 4083 769 4121; x_wconf 85' lang='lat' dir='ltr'>ex</span> <span class='ocrx_word' id='word_1_476' title='bbox 780 4083 814 4121; x_wconf 89' lang='lat' dir='ltr'>eo</span> <span class='ocrx_word' id='word_1_477' title='bbox 827 4063 904 4140; x_wconf 87' lang='lat' dir='ltr'>quod</span> <span class='ocrx_word' id='word_1_478' title='bbox 916 4063 1021 4142; x_wconf 90' lang='lat' dir='ltr'>Oropii</span> <span class='ocrx_word' id='word_1_479' title='bbox 1065 4063 1230 4122; x_wconf 77' lang='lat' dir='ltr'>Aristotelis</span> <span class='ocrx_word' id='word_1_480' title='bbox 1238 4061 1433 4139; x_wconf 88' lang='lat' dir='ltr'>geographnm</span> <span class='ocrx_word' id='word_1_481' title='bbox 1445 4061 1584 4136; x_wconf 86' lang='lat' dir='ltr'>aliquem,</span> <span class='ocrx_word' id='word_1_482' title='bbox 1595 4056 1854 4136; x_wconf 88' lang='lat' dir='ltr'>sponteseobtulit</span> 
     </span>
     <span class='ocr_line' id='line_1_40' title="bbox 236 4154 1849 4236; baseline -0.001 -24"><span class='ocrx_word' id='word_1_483' title='bbox 236 4168 265 4212; x_wconf 89' lang='lat' dir='ltr'>et</span> <span class='ocrx_word' id='word_1_484' title='bbox 283 4156 456 4216; x_wconf 84' lang='lat' dir='ltr'>Plataeenses</span> <span class='ocrx_word' id='word_1_485' title='bbox 470 4171 615 4236; x_wconf 88' lang='lat' dir='ltr'>tamquam</span> <span class='ocrx_word' id='word_1_486' title='bbox 629 4159 941 4218; x_wconf 75' lang='lat' dir='ltr'>biroto-Athenienses</span> <span class='ocrx_word' id='word_1_487' title='bbox 961 4173 1020 4218; x_wconf 87' lang='lat' dir='ltr'>tra·</span> <span class='ocrx_word' id='word_1_488' title='bbox 1066 4160 1261 4230; x_wconf 74' lang='lat' dir='ltr'>Dicaearchus,</span> <span class='ocrx_word' id='word_1_489' title='bbox 1271 4159 1435 4235; x_wconf 89' lang='lat' dir='ltr'>quisaepius</span> <span class='ocrx_word' id='word_1_490' title='bbox 1446 4154 1790 4232; x_wconf 77' lang='lat' dir='ltr'>unacum&#39;l&#39;hecphrasto</span> <span class='ocrx_word' id='word_1_491' title='bbox 1800 4167 1849 4230; x_wconf 87' lang='lat' dir='ltr'>ap.</span> 
     </span>
     <span class='ocr_line' id='line_1_41' title="bbox 237 4247 1852 4333; baseline -0.003 -24"><span class='ocrx_word' id='word_1_492' title='bbox 237 4252 394 4325; x_wconf 88' lang='lat' dir='ltr'>ducuntur,</span> <span class='ocrx_word' id='word_1_493' title='bbox 411 4268 556 4313; x_wconf 87' lang='lat' dir='ltr'>auctorem</span> <span class='ocrx_word' id='word_1_494' title='bbox 571 4256 659 4314; x_wconf 81' lang='lat' dir='ltr'>inisse</span> <span class='ocrx_word' id='word_1_495' title='bbox 673 4255 876 4314; x_wconf 87' lang='lat' dir='ltr'>Atheniensem</span> <span class='ocrx_word' id='word_1_496' title='bbox 889 4258 1019 4332; x_wconf 86' lang='lat' dir='ltr'>colligas,</span> <span class='ocrx_word' id='word_1_497' title='bbox 1065 4254 1290 4312; x_wconf 73' lang='lat' dir='ltr'>vettlaudatur.</span> <span class='ocrx_word' id='word_1_498' title='bbox 1300 4253 1380 4311; x_wconf 79' lang='lat' dir='ltr'>Ndnt</span> <span class='ocrx_word' id='word_1_499' title='bbox 1392 4265 1482 4326; x_wconf 82' lang='lat' dir='ltr'>igitur</span> <span class='ocrx_word' id='word_1_500' title='bbox 1491 4250 1575 4307; x_wconf 87' lang='lat' dir='ltr'>video</span> <span class='ocrx_word' id='word_1_501' title='bbox 1585 4269 1638 4307; x_wconf 91' lang='lat' dir='ltr'>cur</span> <span class='ocrx_word' id='word_1_502' title='bbox 1647 4267 1753 4333; x_wconf 76' lang='lat' dir='ltr'>nomen</span> <span class='ocrx_word' id='word_1_503' title='bbox 1763 4247 1852 4305; x_wconf 88' lang='lat' dir='ltr'>Pseu·</span> 
     </span>
     <span class='ocr_line' id='line_1_42' title="bbox 237 4341 1851 4428; baseline -0.001 -24"><span class='ocrx_word' id='word_1_504' title='bbox 237 4347 344 4407; x_wconf 91' lang='lat' dir='ltr'>dubius</span> <span class='ocrx_word' id='word_1_505' title='bbox 357 4348 468 4422; x_wconf 79' lang='lat' dir='ltr'>haereo,</span> <span class='ocrx_word' id='word_1_506' title='bbox 492 4370 561 4409; x_wconf 91' lang='lat' dir='ltr'>num</span> <span class='ocrx_word' id='word_1_507' title='bbox 576 4371 677 4409; x_wconf 86' lang='lat' dir='ltr'>revera</span> <span class='ocrx_word' id='word_1_508' title='bbox 690 4351 726 4410; x_wconf 90' lang='lat' dir='ltr'>de</span> <span class='ocrx_word' id='word_1_509' title='bbox 740 4351 880 4411; x_wconf 84' lang='lat' dir='ltr'>Athenaeo</span> <span class='ocrx_word' id='word_1_510' title='bbox 895 4351 1020 4428; x_wconf 87' lang='lat' dir='ltr'>quodam</span> <span class='ocrx_word' id='word_1_511' title='bbox 1064 4341 1851 4416; x_wconf 80' lang='lat' dir='ltr'>do-llicaearchiabeclibrocuiattribuitur,divellatur.</span> 
     </span>
     <span class='ocr_line' id='line_1_43' title="bbox 238 4438 1850 4532; baseline -0.002 -33"><span class='ocrx_word' id='word_1_512' title='bbox 238 4443 413 4504; x_wconf 72' lang='lat' dir='ltr'>Atheniense</span> <span class='ocrx_word' id='word_1_513' title='bbox 447 4447 633 4532; x_wconf 81' lang='lat' dir='ltr'>cogitandum</span> <span class='ocrx_word' id='word_1_514' title='bbox 669 4450 722 4520; x_wconf 92' lang='lat' dir='ltr'>sit,</span> <span class='ocrx_word' id='word_1_515' title='bbox 750 4467 787 4506; x_wconf 87' lang='lat' dir='ltr'>an</span> <span class='ocrx_word' id='word_1_516' title='bbox 812 4447 902 4506; x_wconf 81' lang='lat' dir='ltr'>codex</span> <span class='ocrx_word' id='word_1_517' title='bbox 930 4448 1022 4506; x_wconf 84' lang='lat' dir='ltr'>verbo</span> <span class='ocrx_word' id='word_1_518' title='bbox 1067 4445 1178 4504; x_wconf 83' lang='lat' dir='ltr'>Deinde</span> <span class='ocrx_word' id='word_1_519' title='bbox 1191 4464 1260 4503; x_wconf 87' lang='lat' dir='ltr'>vero</span> <span class='ocrx_word' id='word_1_520' title='bbox 1274 4442 1498 4520; x_wconf 87' lang='lat' dir='ltr'>descriptionem</span> <span class='ocrx_word' id='word_1_521' title='bbox 1514 4438 1778 4515; x_wconf 84' lang='lat' dir='ltr'>Gr·aeciae,qualem</span> <span class='ocrx_word' id='word_1_522' title='bbox 1797 4459 1850 4495; x_wconf 94' lang='lat' dir='ltr'>no·</span> 
     </span>
     <span class='ocr_line' id='line_1_44' title="bbox 238 4533 1854 4621; baseline -0.004 -25"><span class='ocrx_word' id='word_1_523' title='bbox 238 4536 373 4609; x_wconf 75' lang='grc' dir='ltr'>Ἀθηναίου</span> <span class='ocrx_word' id='word_1_524' title='bbox 398 4541 471 4598; x_wconf 89' lang='lat' dir='ltr'>nihil</span> <span class='ocrx_word' id='word_1_525' title='bbox 493 4542 551 4600; x_wconf 91' lang='lat' dir='ltr'>nisi</span> <span class='ocrx_word' id='word_1_526' title='bbox 575 4543 699 4621; x_wconf 83' lang='lat' dir='ltr'>patriam</span> <span class='ocrx_word' id='word_1_527' title='bbox 721 4543 874 4621; x_wconf 90' lang='lat' dir='ltr'>scriptoris</span> <span class='ocrx_word' id='word_1_528' title='bbox 896 4543 1021 4614; x_wconf 90' lang='lat' dir='ltr'>indicet,</span> <span class='ocrx_word' id='word_1_529' title='bbox 1066 4555 1126 4600; x_wconf 86' lang='lat' dir='ltr'>stra</span> <span class='ocrx_word' id='word_1_530' title='bbox 1150 4540 1311 4616; x_wconf 77' lang='lat' dir='ltr'>fragmenta</span> <span class='ocrx_word' id='word_1_531' title='bbox 1326 4538 1459 4617; x_wconf 86' lang='lat' dir='ltr'>prosaica</span> <span class='ocrx_word' id='word_1_532' title='bbox 1478 4535 1622 4614; x_wconf 91' lang='lat' dir='ltr'>produnt,</span> <span class='ocrx_word' id='word_1_533' title='bbox 1638 4533 1799 4592; x_wconf 87' lang='lat' dir='ltr'>abhorrere</span> <span class='ocrx_word' id='word_1_534' title='bbox 1814 4533 1854 4590; x_wconf 87' lang='lat' dir='ltr'>ab</span> 
     </span>
     <span class='ocr_line' id='line_1_45' title="bbox 157 4631 1856 4716; baseline -0.002 -27"><span class='ocrx_word' id='word_1_535' title='bbox 157 4663 159 4667; x_wconf 20' lang='grc' dir='ltr'><em>Α</em></span> <span class='ocrx_word' id='word_1_536' title='bbox 239 4635 303 4690; x_wconf 88' lang='lat' dir='ltr'>sive</span> <span class='ocrx_word' id='word_1_537' title='bbox 332 4634 410 4710; x_wconf 90' lang='lat' dir='ltr'>quod</span> <span class='ocrx_word' id='word_1_538' title='bbox 432 4642 546 4694; x_wconf 90' lang='lat' dir='ltr'>&#39;nomen</span> <span class='ocrx_word' id='word_1_539' title='bbox 574 4638 635 4695; x_wconf 88' lang='lat' dir='ltr'>viri</span> <span class='ocrx_word' id='word_1_540' title='bbox 661 4636 820 4709; x_wconf 89' lang='lat' dir='ltr'>exciderit,</span> <span class='ocrx_word' id='word_1_541' title='bbox 849 4639 912 4696; x_wconf 89' lang='lat' dir='ltr'>sive</span> <span class='ocrx_word' id='word_1_542' title='bbox 942 4638 1021 4714; x_wconf 91' lang='lat' dir='ltr'>quod</span> <span class='ocrx_word' id='word_1_543' title='bbox 1067 4658 1171 4716; x_wconf 86' lang='lat' dir='ltr'>opere,</span> <span class='ocrx_word' id='word_1_544' title='bbox 1192 4638 1278 4715; x_wconf 86' lang='lat' dir='ltr'>quale</span> <span class='ocrx_word' id='word_1_545' title='bbox 1299 4636 1342 4694; x_wconf 82' lang='grc' dir='ltr'>τὸν</span> <span class='ocrx_word' id='word_1_546' title='bbox 1356 4635 1417 4694; x_wconf 84' lang='grc' dir='ltr'>Βίον</span> <span class='ocrx_word' id='word_1_547' title='bbox 1435 4638 1482 4704; x_wconf 78' lang='grc' dir='ltr'>τῆς</span> <span class='ocrx_word' id='word_1_548' title='bbox 1496 4632 1623 4698; x_wconf 78' lang='grc' dir='ltr'>Ἑλλάδος</span> <span class='ocrx_word' id='word_1_549' title='bbox 1634 4632 1724 4689; x_wconf 79' lang='lat' dir='ltr'>tuisse</span> <span class='ocrx_word' id='word_1_550' title='bbox 1735 4631 1856 4688; x_wconf 90' lang='lat' dir='ltr'>aliunde</span> 
     </span>
     <span class='ocr_line' id='line_1_46' title="bbox 239 4725 1856 4810; baseline -0.001 -24"><span class='ocrx_word' id='word_1_551' title='bbox 239 4731 361 4788; x_wconf 92' lang='lat' dir='ltr'>omnino</span> <span class='ocrx_word' id='word_1_552' title='bbox 375 4731 405 4788; x_wconf 92' lang='lat' dir='ltr'>id</span> <span class='ocrx_word' id='word_1_553' title='bbox 422 4751 480 4790; x_wconf 91' lang='lat' dir='ltr'>non</span> <span class='ocrx_word' id='word_1_554' title='bbox 495 4735 610 4793; x_wconf 80' lang='lat' dir='ltr'>noverit</span> <span class='ocrx_word' id='word_1_555' title='bbox 624 4733 737 4808; x_wconf 89' lang='lat' dir='ltr'>scriba,</span> <span class='ocrx_word' id='word_1_556' title='bbox 750 4735 800 4793; x_wconf 89' lang='lat' dir='ltr'>sed</span> <span class='ocrx_word' id='word_1_557' title='bbox 814 4753 849 4792; x_wconf 87' lang='lat' dir='ltr'>ex</span> <span class='ocrx_word' id='word_1_558' title='bbox 868 4753 1021 4810; x_wconf 78' lang='lat' dir='ltr'>argumen·</span> <span class='ocrx_word' id='word_1_559' title='bbox 1067 4737 1219 4806; x_wconf 87' lang='lat' dir='ltr'>docemur,</span> <span class='ocrx_word' id='word_1_560' title='bbox 1233 4747 1294 4791; x_wconf 91' lang='lat' dir='ltr'>turn</span> <span class='ocrx_word' id='word_1_561' title='bbox 1310 4732 1359 4790; x_wconf 91' lang='lat' dir='ltr'>alii</span> <span class='ocrx_word' id='word_1_562' title='bbox 1375 4743 1596 4810; x_wconf 85' lang='lat' dir='ltr'>perspexerunt,</span> <span class='ocrx_word' id='word_1_563' title='bbox 1613 4741 1675 4786; x_wconf 89' lang='lat' dir='ltr'>tum</span> <span class='ocrx_word' id='word_1_564' title='bbox 1687 4745 1742 4784; x_wconf 90' lang='lat' dir='ltr'>nos</span> <span class='ocrx_word' id='word_1_565' title='bbox 1760 4725 1856 4784; x_wconf 80' lang='lat' dir='ltr'>fusius</span> 
     </span>
    </p>
   </div>
   <div class='ocr_carea' id='block_1_7' title="bbox 238 4935 1857 5359">
    <p class='ocr_par' dir='ltr' id='par_1_9' title="bbox 238 4935 1857 5359">
     <span class='ocr_line' id='line_1_47' title="bbox 270 4935 1856 5008; baseline -0.004 -19"><span class='ocrx_word' id='word_1_566' title='bbox 270 4937 301 5000; x_wconf 84' lang='lat'>(*)</span> <span class='ocrx_word' id='word_1_567' title='bbox 315 4941 424 4989; x_wconf 81' lang='lat' dir='ltr'>Fortasse</span> <span class='ocrx_word' id='word_1_568' title='bbox 436 4939 572 4992; x_wconf 86' lang='lat' dir='ltr'>Heraclides</span> <span class='ocrx_word' id='word_1_569' title='bbox 584 4943 680 4992; x_wconf 85' lang='lat' dir='ltr'>hicnon</span> <span class='ocrx_word' id='word_1_570' title='bbox 695 4944 805 4994; x_wconf 76' lang='lat' dir='ltr'>diversus</span> <span class='ocrx_word' id='word_1_571' title='bbox 816 4947 853 4994; x_wconf 79' lang='lat' dir='ltr'>est</span> <span class='ocrx_word' id='word_1_572' title='bbox 870 4945 901 4994; x_wconf 86' lang='lat' dir='ltr'>sb</span> <span class='ocrx_word' id='word_1_573' title='bbox 913 4945 1039 4994; x_wconf 83' lang='lat' dir='ltr'>Heraclide</span> <span class='ocrx_word' id='word_1_574' title='bbox 1053 4947 1104 5008; x_wconf 75' lang='grc' dir='ltr'>περὶ</span> <span class='ocrx_word' id='word_1_575' title='bbox 1115 4947 1193 5003; x_wconf 79' lang='grc' dir='ltr'>νήσων</span> <span class='ocrx_word' id='word_1_576' title='bbox 1204 4945 1329 5006; x_wconf 86' lang='lat' dir='ltr'>scriptore,</span> <span class='ocrx_word' id='word_1_577' title='bbox 1341 4955 1414 5004; x_wconf 82' lang='lat' dir='ltr'>qrrcm</span> <span class='ocrx_word' id='word_1_578' title='bbox 1425 4953 1474 4989; x_wconf 89' lang='lat' dir='ltr'>una</span> <span class='ocrx_word' id='word_1_579' title='bbox 1485 4953 1542 4989; x_wconf 89' lang='lat' dir='ltr'>curn</span> <span class='ocrx_word' id='word_1_580' title='bbox 1558 4937 1765 5001; x_wconf 71' lang='lat' dir='ltr'>Philmiepbsno,</span> <span class='ocrx_word' id='word_1_581' title='bbox 1781 4935 1856 4986; x_wconf 83' lang='lat' dir='ltr'>cadi·</span> 
     </span>
     <span class='ocr_line' id='line_1_48' title="bbox 239 5008 1855 5079; baseline -0.003 -19"><span class='ocrx_word' id='word_1_582' title='bbox 239 5009 317 5060; x_wconf 83' lang='lat' dir='ltr'>machi</span> <span class='ocrx_word' id='word_1_583' title='bbox 331 5009 464 5072; x_wconf 79' lang='lat' dir='ltr'>discipulo,</span> <span class='ocrx_word' id='word_1_584' title='bbox 476 5011 575 5061; x_wconf 85' lang='lat' dir='ltr'>laudant</span> <span class='ocrx_word' id='word_1_585' title='bbox 588 5017 743 5076; x_wconf 82' lang='lat' dir='ltr'>Harpocratic</span> <span class='ocrx_word' id='word_1_586' title='bbox 756 5029 779 5064; x_wconf 85' lang='lat' dir='ltr'>v.</span> <span class='ocrx_word' id='word_1_587' title='bbox 793 5017 885 5079; x_wconf 78' lang='grc' dir='ltr'>Στρύμη</span> <span class='ocrx_word' id='word_1_588' title='bbox 898 5015 1068 5078; x_wconf 67' lang='grc' dir='ltr'>(Ἡρακλείδης</span> <span class='ocrx_word' id='word_1_589' title='bbox 1078 5017 1094 5073; x_wconf 77' lang='grc' dir='ltr'>ἢ</span> <span class='ocrx_word' id='word_1_590' title='bbox 1103 5016 1273 5074; x_wconf 72' lang='grc' dir='ltr'>Φιλοστέφανος</span> <span class='ocrx_word' id='word_1_591' title='bbox 1283 5015 1307 5062; x_wconf 84' lang='grc' dir='ltr'>ἐν</span> <span class='ocrx_word' id='word_1_592' title='bbox 1315 5019 1349 5076; x_wconf 76' lang='grc' dir='ltr'>τῷ</span> <span class='ocrx_word' id='word_1_593' title='bbox 1358 5014 1409 5074; x_wconf 77' lang='grc' dir='ltr'>περὶ</span> <span class='ocrx_word' id='word_1_594' title='bbox 1419 5013 1538 5072; x_wconf 70' lang='grc' dir='ltr'>νήοωνλοῑ</span> <span class='ocrx_word' id='word_1_595' title='bbox 1550 5024 1575 5058; x_wconf 82' lang='grc' dir='ltr'>ν.</span> <span class='ocrx_word' id='word_1_596' title='bbox 1589 5009 1697 5072; x_wconf 61' lang='lat' dir='ltr'>’otim</span> <span class='ocrx_word' id='word_1_597' title='bbox 1710 5009 1771 5068; x_wconf 87' lang='lat' dir='ltr'>(ubi</span> <span class='ocrx_word' id='word_1_598' title='bbox 1779 5008 1855 5068; x_wconf 81' lang='grc' dir='ltr'>Ἥρα·</span> 
     </span>
     <span class='ocr_line' id='line_1_49' title="bbox 239 5075 1856 5147; baseline -0.005 -17"><span class='ocrx_word' id='word_1_599' title='bbox 239 5081 364 5136; x_wconf 62' lang='lat' dir='ltr'>sintraco</span> <span class='ocrx_word' id='word_1_600' title='bbox 381 5082 582 5144; x_wconf 72' lang='lat' dir='ltr'>llcrrrsdr,&#39;quod</span> <span class='ocrx_word' id='word_1_601' title='bbox 594 5084 634 5132; x_wconf 80' lang='lat' dir='ltr'>six</span> <span class='ocrx_word' id='word_1_602' title='bbox 648 5085 821 5147; x_wconf 85' lang='lat' dir='ltr'>reetebabel)‚</span> <span class='ocrx_word' id='word_1_603' title='bbox 834 5087 919 5136; x_wconf 86' lang='lat' dir='ltr'>Snidas</span> <span class='ocrx_word' id='word_1_604' title='bbox 931 5101 955 5135; x_wconf 84' lang='lat' dir='ltr'>v.</span> <span class='ocrx_word' id='word_1_605' title='bbox 971 5087 1056 5146; x_wconf 74' lang='grc' dir='ltr'>Νάξος,</span> <span class='ocrx_word' id='word_1_606' title='bbox 1079 5087 1140 5136; x_wconf 81' lang='lat' dir='ltr'>l‘llu.</span> <span class='ocrx_word' id='word_1_607' title='bbox 1161 5088 1203 5140; x_wconf 79' lang='lat' dir='ltr'>tv,</span> <span class='ocrx_word' id='word_1_608' title='bbox 1219 5089 1258 5132; x_wconf 77' lang='lat' dir='ltr'>tt.</span> <span class='ocrx_word' id='word_1_609' title='bbox 1273 5083 1311 5132; x_wconf 82' lang='lat' dir='ltr'>cl.</span> <span class='ocrx_word' id='word_1_610' title='bbox 1326 5085 1363 5132; x_wconf 81' lang='lat' dir='ltr'>Fr.</span> <span class='ocrx_word' id='word_1_611' title='bbox 1382 5082 1442 5132; x_wconf 81' lang='lat' dir='ltr'>Hist.</span> <span class='ocrx_word' id='word_1_612' title='bbox 1459 5082 1491 5138; x_wconf 87' lang='lat' dir='ltr'>tt,</span> <span class='ocrx_word' id='word_1_613' title='bbox 1502 5092 1525 5140; x_wconf 84' lang='lat' dir='ltr'>p.</span> <span class='ocrx_word' id='word_1_614' title='bbox 1540 5082 1581 5128; x_wconf 73' lang='lat' dir='ltr'>tet</span> <span class='ocrx_word' id='word_1_615' title='bbox 1593 5091 1632 5140; x_wconf 83' lang='lat' dir='ltr'>sq.</span> <span class='ocrx_word' id='word_1_616' title='bbox 1646 5075 1856 5136; x_wconf 77' lang='lat' dir='ltr'>Philostephanus,</span> 
     </span>
     <span class='ocr_line' id='line_1_50' title="bbox 239 5146 1857 5222; baseline -0.003 -24"><span class='ocrx_word' id='word_1_617' title='bbox 239 5151 281 5212; x_wconf 79' lang='lat' dir='ltr'>qrri</span> <span class='ocrx_word' id='word_1_618' title='bbox 294 5162 350 5198; x_wconf 92' lang='lat' dir='ltr'>cnm</span> <span class='ocrx_word' id='word_1_619' title='bbox 363 5151 487 5200; x_wconf 83' lang='lat' dir='ltr'>Heraclide</span> <span class='ocrx_word' id='word_1_620' title='bbox 500 5153 661 5214; x_wconf 82' lang='lat' dir='ltr'>componitur,</span> <span class='ocrx_word' id='word_1_621' title='bbox 670 5154 743 5204; x_wconf 78' lang='lat' dir='ltr'>etiam</span> <span class='ocrx_word' id='word_1_622' title='bbox 757 5157 809 5218; x_wconf 80' lang='grc' dir='ltr'><strong>περὶ</strong></span> <span class='ocrx_word' id='word_1_623' title='bbox 821 5161 868 5206; x_wconf 80' lang='grc' dir='ltr'>τῶν</span> <span class='ocrx_word' id='word_1_624' title='bbox 881 5157 905 5206; x_wconf 74' lang='grc' dir='ltr'>ἐν</span> <span class='ocrx_word' id='word_1_625' title='bbox 916 5163 945 5218; x_wconf 81' lang='grc' dir='ltr'>τῇ</span> <span class='ocrx_word' id='word_1_626' title='bbox 956 5159 1022 5222; x_wconf 75' lang='grc' dir='ltr'>Ἀσίᾳ</span> <span class='ocrx_word' id='word_1_627' title='bbox 1035 5159 1126 5208; x_wconf 70' lang='grc' dir='ltr'>πόλεων</span> <span class='ocrx_word' id='word_1_628' title='bbox 1143 5154 1252 5217; x_wconf 71' lang='grc' dir='ltr'>οανίῃοίῖς</span> <span class='ocrx_word' id='word_1_629' title='bbox 1266 5155 1307 5202; x_wconf 89' lang='lat' dir='ltr'>cni</span> <span class='ocrx_word' id='word_1_630' title='bbox 1318 5152 1384 5214; x_wconf 72' lang='lat' dir='ltr'>inseri</span> <span class='ocrx_word' id='word_1_631' title='bbox 1396 5159 1509 5214; x_wconf 83' lang='lat' dir='ltr'>tauquam</span> <span class='ocrx_word' id='word_1_632' title='bbox 1518 5150 1595 5200; x_wconf 79' lang='lat' dir='ltr'>uren</span> <span class='ocrx_word' id='word_1_633' title='bbox 1609 5161 1664 5211; x_wconf 81' lang='lat' dir='ltr'>pars</span> <span class='ocrx_word' id='word_1_634' title='bbox 1675 5148 1752 5210; x_wconf 83' lang='lat' dir='ltr'>juncti</span> <span class='ocrx_word' id='word_1_635' title='bbox 1766 5146 1857 5196; x_wconf 72' lang='lat' dir='ltr'>luerim</span> 
     </span>
     <span class='ocr_line' id='line_1_51' title="bbox 240 5215 1857 5290; baseline -0.005 -19"><span class='ocrx_word' id='word_1_636' title='bbox 240 5221 293 5271; x_wconf 85' lang='lat' dir='ltr'>libri</span> <span class='ocrx_word' id='word_1_637' title='bbox 303 5218 354 5280; x_wconf 75' lang='grc' dir='ltr'>περὶ</span> <span class='ocrx_word' id='word_1_638' title='bbox 366 5223 413 5267; x_wconf 81' lang='grc' dir='ltr'>τῶν</span> <span class='ocrx_word' id='word_1_639' title='bbox 425 5221 448 5269; x_wconf 71' lang='grc' dir='ltr'>ἐν</span> <span class='ocrx_word' id='word_1_640' title='bbox 463 5223 565 5284; x_wconf 79' lang='grc' dir='ltr'>Εὐρώπῃ</span> <span class='ocrx_word' id='word_1_641' title='bbox 576 5225 674 5286; x_wconf 76' lang='grc' dir='ltr'>πόλεων,</span> <span class='ocrx_word' id='word_1_642' title='bbox 686 5237 833 5287; x_wconf 82' lang='lat' dir='ltr'>qrramqnam</span> <span class='ocrx_word' id='word_1_643' title='bbox 844 5227 864 5274; x_wconf 89' lang='lat' dir='ltr'>is</span> <span class='ocrx_word' id='word_1_644' title='bbox 876 5227 958 5276; x_wconf 87' lang='lat' dir='ltr'>titnins</span> <span class='ocrx_word' id='word_1_645' title='bbox 970 5225 994 5275; x_wconf 87' lang='lat' dir='ltr'>in</span> <span class='ocrx_word' id='word_1_646' title='bbox 1006 5228 1141 5290; x_wconf 78' lang='lat' dir='ltr'>fragmentis</span> <span class='ocrx_word' id='word_1_647' title='bbox 1150 5226 1180 5275; x_wconf 88' lang='lat' dir='ltr'>ad</span> <span class='ocrx_word' id='word_1_648' title='bbox 1194 5228 1295 5288; x_wconf 77' lang='lat' dir='ltr'>Europa</span> <span class='ocrx_word' id='word_1_649' title='bbox 1309 5223 1380 5272; x_wconf 87' lang='lat' dir='ltr'>urbes</span> <span class='ocrx_word' id='word_1_650' title='bbox 1390 5221 1564 5285; x_wconf 85' lang='lat' dir='ltr'>pertinentibus</span> <span class='ocrx_word' id='word_1_651' title='bbox 1577 5232 1625 5269; x_wconf 93' lang='lat' dir='ltr'>non</span> <span class='ocrx_word' id='word_1_652' title='bbox 1634 5216 1749 5268; x_wconf 89' lang='lat' dir='ltr'>occurrit.</span> <span class='ocrx_word' id='word_1_653' title='bbox 1763 5215 1857 5265; x_wconf 81' lang='lat' dir='ltr'>Proba·</span> 
     </span>
     <span class='ocr_line' id='line_1_52' title="bbox 238 5287 1045 5359; baseline 0.005 -14"><span class='ocrx_word' id='word_1_654' title='bbox 238 5295 318 5346; x_wconf 85' lang='lat' dir='ltr'>biliter</span> <span class='ocrx_word' id='word_1_655' title='bbox 333 5287 358 5338; x_wconf 90' lang='lat' dir='ltr'>ln</span> <span class='ocrx_word' id='word_1_656' title='bbox 367 5288 404 5339; x_wconf 86' lang='lat' dir='ltr'>lds</span> <span class='ocrx_word' id='word_1_657' title='bbox 417 5289 514 5356; x_wconf 81' lang='lat' dir='ltr'>qrrcque</span> <span class='ocrx_word' id='word_1_658' title='bbox 526 5295 590 5344; x_wconf 85' lang='lat' dir='ltr'>riam</span> <span class='ocrx_word' id='word_1_659' title='bbox 603 5295 886 5359; x_wconf 81' lang='lat' dir='ltr'>t‘lrilcsteplnncprrririt</span> <span class='ocrx_word' id='word_1_660' title='bbox 902 5289 1045 5349; x_wconf 76' lang='lat' dir='ltr'>Heraclidis.</span> 
     </span>
    </p>
   </div>
   <div class='ocr_carea' id='block_1_8' title="bbox 0 0 1989 5925">
    <p class='ocr_par' dir='ltr' id='par_1_10' title="bbox 0 0 1989 5925">
     <span class='ocr_line' id='line_1_53' title="bbox 0 0 1989 5925; baseline 0 0"><span class='ocrx_word' id='word_1_661' title='bbox 0 0 1989 5925; x_wconf 95' lang='lat' dir='ltr'> </span> 
     </span>
    </p>
   </div>
  </div>
 </body>
</html>
