3950 5925
288 424 354 469 uu
490 386 493 393 ’
938 388 1240 454 raonncounux.

287 560 351 599 crim
365 538 601 596 nanciscerentur
615 532 665 609 qui
684 520 786 589 nautia
800 546 852 587 sua
869 526 913 583 vcl
933 524 1071 603 imposito
1115 519 1266 577 nominum
1306 516 1514 575 nonnullorum
1552 515 1755 588 similitudine,
1787 538 1880 582 notum

287 636 405 695 castello
416 633 535 691 Graecos
545 651 562 689 a
574 630 766 688 barbarorum
778 628 888 702 impetu
904 636 980 681 tutos
995 640 1071 698 prae-
1117 632 1238 691 prorsus
1247 612 1377 669 locorum
1386 610 1639 688 ordinem,caqua
1648 612 1721 669 solet
1729 617 1880 689 temeritate,

288 744 386 789 staret.
408 727 472 785 dam
494 745 582 803 quum
601 744 618 781 a
640 722 731 781 borea
741 719 891 778 hodiernae
908 715 1073 793 Abyssiniae
1117 712 1150 769 in
1164 710 1457 773 credulorutnusum
1470 706 1594 765 effinxit.
1613 706 1727 774 Quibus
1747 710 1882 775 immorari

288 826 455 903 elephantes
468 842 526 879 non
544 820 739 897 reperiantur,
755 816 872 873 venatio
884 814 963 871 circa
975 811 1073 868 Ptole·
1117 825 1177 864 non
1189 818 1231 861 est
1246 805 1487 881 operaepretium.
1505 804 1576 858 Nam
1592 821 1654 877 quae
1668 802 1788 861 iloreute
1805 828 1882 883 regno

289 922 424 994 maidem,
439 932 470 978 ut
487 919 581 996 prima
592 927 668 985 erat,
681 915 723 972 sic
736 912 839 971 ceteris
851 910 943 985 inagis
953 908 1072 966 boream
1116 902 1251 979 AEgyptio
1272 900 1370 975 magui
1392 898 1531 956 momenti
1555 912 1654 969 erant,
1681 899 1883 977 elephantorum

289 1036 391 1075 versus
413 1016 468 1072 sita
489 1026 543 1072 est.
569 1010 680 1069 Deinde
694 1010 771 1087 apud
791 1006 1007 1065 Artemidorum
1028 1022 1073 1061 se-
1116 996 1288 1054 venationes
1321 994 1390 1053 inde
1419 992 1457 1051 ab
1477 994 1658 1085 ultimorum=
1679 994 1881 1058 Ptolemaeorum

289 1124 418 1189 quuntut·
438 1108 515 1169 Σᾶὅοι
530 1108 610 1184 λιμὴν
628 1106 674 1165 κοιλ
692 1103 814 1181 κυνήγιον
833 1101 991 1181 ἐλεφάντων,
1011 1101 1074 1169 Μη·
1118 1091 1300 1171 temporibus
1314 1091 1458 1167 neglectas
1481 1089 1569 1149 luisse
1586 1110 1619 1149 ac
1632 1090 1714 1148 vicos
1734 1094 1882 1173 oppidaque

287 1204 356 1272 λιτὸς
383 1202 472 1278 λιμὴν,
496 1202 543 1260 cui
567 1198 729 1279 superjacet
751 1196 871 1278 ἶμρούριον
888 1196 933 1253 καὶ
953 1191 1074 1271 κυνηγία,
1118 1188 1150 1246 in
1165 1187 1330 1266 Abyssiniae
1344 1206 1395 1243 ora
1414 1199 1443 1243 et
1456 1186 1521 1243 sinu
1534 1184 1789 1263 Avaliticopraeter
1807 1210 1884 1265 parma

290 1298 422 1377 Εὐμένους
437 1296 515 1363 ἄλσος
529 1310 557 1354 ει
574 1316 649 1373 pone
664 1294 695 1351 id
718 1290 829 1371 Δάροὸοι
842 1292 916 1356 πόλις
938 1288 983 1347 κοιλ
994 1288 1074 1360 arivil-
1119 1282 1312 1343 barbarorum
1326 1297 1405 1341 metu
1422 1282 1563 1342 derelicta
1573 1302 1636 1341 esse
1653 1297 1756 1360 sponte
1764 1286 1884 1363 intelligi-

290 1415 346 1469 γιον
370 1392 516 1473 ἐλεφάντων
545 1391 575 1447 τὸ
600 1388 664 1469 πρὸς
678 1391 715 1467 τῷ
730 1387 821 1467 φρέατι
844 1384 993 1461 λεγόμενον,
1013 1398 1074 1442 tum
1119 1391 1177 1449 tur,
1188 1380 1214 1437 si
1225 1379 1378 1437 historiam
1390 1397 1487 1435 rerum
1500 1376 1700 1455 Aigyptiarum
1712 1386 1883 1456 reputaveris.

292 1488 463 1566 Πυθιιγγέλοο
480 1486 602 1565 κυνήγιον
628 1497 656 1544 et
681 1484 818 1561 deinceps
828 1483 892 1541 aliae
905 1481 1075 1539 venationes
1120 1474 1221 1553 ltaque
1240 1476 1276 1533 de
1291 1475 1338 1534 his
1354 1475 1428 1534 nihil
1446 1475 1505 1531 lere
1522 1474 1629 1549 legitur
1651 1475 1728 1551 apud
1749 1475 1884 1537 Claudium

290 1596 347 1640 tam
368 1584 444 1641 intra
465 1584 561 1641 fauces
579 1583 740 1657 sitaequam
755 1592 837 1636 extra
855 1596 904 1635 eas
924 1577 961 1634 ad
978 1576 1074 1634 sinum
1119 1570 1323 1641 Ptolemaeum,
1347 1571 1399 1647 qui
1430 1570 1462 1627 in
1483 1567 1596 1627 tabulas
1629 1590 1698 1628 suas
1720 1590 1779 1647 prae
1798 1577 1887 1634 ceteris

291 1678 477 1739 dediticius.
486 1678 579 1737 Deliis
588 1677 677 1753 igitur
685 1670 1072 1748 omnibusAgatharchidem
1120 1666 1184 1723 loca
1195 1679 1388 1723 mercatorum
1403 1663 1639 1741 navigationibus
1649 1678 1717 1722 nota
1730 1669 1841 1744 recepit.

290 1773 368 1832 libro
379 1777 483 1854 primo,
502 1774 623 1831 sortasse
637 1770 723 1829 etiam
742 1781 890 1845 sequente,
908 1770 1075 1845 exposuisse
1160 1760 1210 1834 95.
1222 1759 1321 1820 Libris
1345 1759 1429 1817 ll-ltl
1460 1759 1532 1837 quid
1554 1759 1780 1834 Agatharchides
1800 1766 1886 1837 egerit,

291 1888 386 1945 neque
396 1869 512 1927 aliunde
526 1887 579 1925 sua
589 1867 720 1925 hausisse
731 1861 947 1923 Artemidorum
959 1880 1077 1919 consen·
1119 1856 1276 1915 nescimus.
1293 1855 1366 1913 Pars
1374 1874 1476 1913 eorum
1484 1855 1612 1914 fortassis
1621 1855 1653 1912 in
1665 1855 1765 1912 eodem
1775 1877 1830 1933 quo
1837 1862 1886 1935 pri.

290 1977 405 2021 taneum
424 1976 477 2021 est.
502 1962 543 2019 Ac
561 1962 645 2020 tacite
657 1959 725 2018 hinc
744 1958 908 2036 explicatur
928 1957 1004 2014 ratio
1018 1976 1077 2033 qua
1121 1971 1185 2010 mus
1200 1952 1276 2010 liber
1297 1964 1468 2028 argumento
1484 1949 1671 2023 versabatur3
1687 1951 1746 2007 alia
1761 1971 1824 2029 pars
1836 1973 1887 2012 esse

291 2058 369 2117 libro
381 2059 485 2136 quinto
497 2077 549 2117 ora
568 2056 681 2134 Libyca
697 2054 883 2114 describitur.
903 2052 1017 2111 Nullam
1033 2052 1076 2111 ibi
1120 2048 1216 2124 potuit
1229 2047 1265 2105 de
1283 2046 1400 2105 Arabiae
1413 2066 1466 2105 ora
1484 2045 1671 2105 meridionali
1686 2044 1887 2122 adjacentibus-

291 2172 385 2231 :reque
395 2154 515 2212 Photius
531 2171 626 2229 neque
645 2151 791 2209 Diodorus
809 2152 983 2207 mentionem
998 2145 1077 2223 inji·
1121 2163 1178 2220 que
1190 2143 1295 2202 insulis
1310 2143 1388 2201 etde
1401 2144 1469 2201 sinu
1482 2142 1667 2215 Persic03de
1690 2141 1796 2219 quibus
1807 2142 1887 2201 Ptole·

291 2252 373 2308 ciunt
387 2250 550 2320 Berenices,
566 2246 751 2307 celeberrimi
764 2246 852 2322 hujus
861 2266 920 2304 orae
931 2246 1075 2323 emporii;
1121 2240 1187 2297 maei
1202 2238 1245 2297 lll
1263 2239 1479 2318 expeditionem
1499 2238 1578 2297 haud
1594 2257 1688 2314 pauca
1709 2239 1888 2317 suppeditasse

291 2346 368 2405 haud
383 2346 469 2404 aliam
485 2345 595 2404 scilicet
608 2346 648 2403 ob
663 2362 777 2401 causam
791 2362 878 2421 quam
895 2342 973 2419 quod
994 2342 1031 2399 de
1043 2360 1078 2398 ea
1121 2333 1427 2393 crediderissmhaee
1438 2334 1469 2391 in
1484 2352 1579 2392 meras
1589 2332 1773 2409 conjecturas
1782 2347 1886 2395 retrusa

290 2453 391 2499 auctor
397 2439 457 2517 jam
469 2440 583 2497 dixerat
593 2437 674 2497 libro
685 2438 798 2515 prim03
812 2456 829 2494 a
843 2437 981 2495 Berenice
990 2436 1077 2511 enim
1161 2432 1209 2506 96.
1224 2429 1314 2489 Libro
1331 2430 1435 2507 quinto
1450 2430 1587 2507 prooemii
1606 2428 1672 2486 loco
1694 2429 1791 2487 rhetor
1804 2444 1888 2488 noster

290 2537 438 2613 proticisci
463 2534 626 2594 debuerunt
650 2532 794 2593 Eumedes
812 2534 958 2610 ceterique
976 2534 1026 2610 qui
1045 2534 1078 2589 in
1121 2526 1274 2602 praemittit
1295 2523 1406 2600 μελέτην
1429 2523 1567 2604 ῥητορικὴν
1585 2524 1622 2581 de
1644 2523 1758 2581 ratione
1774 2543 1828 2600 qua
1840 2545 1888 2583 ma·

292 2630 457 2708 Abyssiniae
478 2648 558 2687 oram
577 2628 797 2688 emittebantur.
813 2629 855 2686 Ac
875 2628 911 2687 de
939 2641 1000 2685 toto
1021 2626 1077 2685 hoc
1121 2621 1348 2696 gnainiortunia
1358 2620 1493 2679 decenter
1504 2620 1706 2679 annuntianda
1714 2622 1780 2680 sint.
1794 2622 1890 2680 Deinde

292 2738 385 2783 tractu
391 2726 442 2801 qui
455 2725 531 2783 inter
543 2724 702 2782 berenicen
713 2736 741 2781 et
748 2722 955 2781 Ptolemaidem
965 2722 1079 2781 medius
1124 2730 1224 2793 gentes
1236 2736 1301 2793 ‹111ae
1315 2717 1401 2775 sinte
1414 2717 1535 2775 meridie
1552 2716 1679 2794 AEgypti,
1694 2717 1888 2795 descripturus,

291 2832 344 2890 est,
368 2822 431 2897 ipse
452 2816 682 2894 Agatharchides
704 2816 781 2875 libro
800 2820 903 2894 quinto
921 2816 957 2875 ad
978 2818 1079 2894 priora
1122 2812 1249 2889 primum
1263 2812 1300 2871 de
1311 2812 1361 2870 via
1374 2812 1434 2887 agit
1445 2815 1505 2889 qua
1519 2811 1647 2890 Memphi
1665 2812 1704 2869 ad
1717 2812 1787 2870 lines
1796 2812 1889 2869 AEthio-

290 2913 442 2973 volumina
464 2916 602 2973 lectorem
625 2912 777 2989 relegavit.
800 2911 848 2972 Sic
871 2912 948 2971 enim
968 2911 1079 2972 intelli·
1121 2908 1249 2987 piaeitur
1262 2910 1289 2986 (S
1301 2911 1361 2987 aa),
1374 2921 1436 2968 tum
1450 2908 1572 2968 nitidam
1593 2909 1788 2968 narrationem
1806 2908 1889 2966 inter-

292 3009 462 3083 geudasunt
474 3008 565 3067 verba
577 3007 677 3066 Photii
692 3009 709 3084 S
722 3009 759 3076 84
772 3028 803 3086 p.
819 3016 872 3080 ¹74
888 3005 950 3068 :Ta
967 3006 1016 3083 μὲν
1030 3005 1079 3074 ἕως
1122 3007 1206 3084 ponit
1226 3004 1271 3064 de'
1285 3006 1351 3064 auri
1373 3005 1497 3064 metallis
1509 3005 1545 3063 ad
1567 3005 1683 3083 AEgypti
1707 3017 1737 3062 et
1753 3005 1890 3080 AEthiopiae

291 3107 344 3162 τῶν
356 3107 381 3164 's
383 3103 468 3182 οὔρων
491 3104 537 3161 atat
552 3102 732 3178 Πτολεμαΐδος
751 3103 927 3183 ἡρμήνευται,
939 3103 1048 3181 quibus
1062 3123 1079 3162 e
1125 3103 1254 3160 confinia
1265 3103 1329 3161 sitis
1350 3105 1384 3179 (§
1397 3105 1511 3180 ²3·29l·
1528 3101 1599 3160 Post
1610 3100 1670 3160 haec
1679 3103 1718 3160 ad
1729 3104 1890 3180 precipuum

292 3200 423 3260 Diodoro
435 3204 454 3260 l.
475 3201 496 3260 l.
508 3199 615 3276 jungas
630 3222 638 3258 ι
654 3199 696 3258 ὅτε
713 3199 881 3276 Πτολεμαίου
894 3199 942 3270 τὴν
955 3203 1007 3258 τῶν
1021 3202 1078 3258 ἐλι-
1122 3197 1193 3256 libri
1213 3211 1413 3273 argumentum
1436 3199 1591 3271 accedens,
1615 3213 1753 3276 quattuor
1778 3200 1891 3276 gentium

292 3293 396 3368 φάντων
416 3293 497 3373 θήραν
513 3295 728 3374 ἀπηγγεῆτμεν..
752 3294 857 3354 Eadem
882 3295 918 3352 de
943 3315 1029 3353 causa
1042 3296 1079 3355 de
1123 3293 1229 3352 classes
1250 3293 1421 3370 distinguit,
1442 3295 1598 3353 fluviorum
1622 3297 1752 3367 accolas,
1768 3296 1889 3373 paludum

292 3402 351 3448 tota
365 3389 531 3468 Abyssiniae
541 3411 593 3450 ora
610 3392 641 3450 in
655 3390 734 3451 libro
749 3391 852 3468 quinto
864 3389 939 3448 nihil
955 3390 1079 3451 retertur
1123 3389 1251 3466 accolas,
1265 3401 1407 3461 errantes,
1427 3389 1657 3468 ichthyophagos
1679 3411 1740 3448 orae
1756 3391 1891 3448 maritima

292 3486 351 3544 nisi
379 3485 526 3544 mirabilia
556 3486 687 3563 quedam
706 3487 744 3544 de
769 3484 939 3543 umbrarum
964 3487 1079 3545 ratione
1125 3485 1153 3558 (S
1165 3485 1277 3561 sotto
1290 3484 1418 3562 primum
1428 3485 1546 3562 quidem
1557 3484 1594 3542 de
1606 3485 1824 3562 ichthyophagis
1833 3486 1891 3560 agit,

292 3599 378 3656 quam
402 3578 581 3638 Ptolemaide
607 3581 815 3655 observarunt,
836 3579 931 3656 deque
958 3579 1079 3641 balanis
1122 3581 1176 3656 qui
1189 3599 1279 3656 quum
1310 3601 1369 3638 non
1389 3583 1483 3640 solum
1505 3601 1558 3659 per
1575 3581 1677 3658 Libyae
1698 3603 1779 3640 oram
1795 3583 1892 3660 disper·

293 3675 380 3752 hujus
406 3679 494 3734 maris
515 3675 693 3750 ingentibus.
724 3675 833 3734 Contra
856 3675 1029 3736 Gosselinus
1050 3691 1080 3736 et
1123 3677 1150 3733 si
1162 3673 1290 3732 habitent
1312 3675 1372 3755 (Ἴ,
1383 3675 1433 3734 sed
1448 3676 1533 3734 etiam
1549 3677 1580 3734 in
1595 3677 1724 3735 Asiatico
1737 3677 1819 3735 litore
1834 3675 1892 3733 inde

292 3771 564 3830 blannertuselibri
575 3773 671 3848 quinti
685 3771 798 3830 ratione
806 3773 988 3848 collegerunt
1001 3794 1080 3851 prae-
1124 3769 1162 3828 ab
1172 3771 1278 3830 intimo
1289 3772 1372 3830 sinus
1383 3771 1502 3830 Arabici
1516 3789 1633 3830 recessu
1642 3792 1736 3849 usque
1745 3772 1780 3830 ad
1789 3771 1892 3830 Gedro-

294 3877 337 3922 ter
346 3865 554 3926 Ptolemaidem
568 3867 680 3925 nullum
693 3868 725 3925 in
736 3865 903 3944 Abyssiniae
916 3886 967 3926 ora
982 3869 1077 3926 locum
1124 3868 1197 3926 siam
1218 3870 1326 3947 passim
1347 3881 1517 3942 occurrant,
1532 3867 1586 3927 hos
1609 3887 1710 3928 omnes
1724 3869 1821 3928 eodem
1838 3869 1893 3924 loco

294 3959 485 4034 insigniorem
502 3961 709 4035 Agatharchidi
722 3962 894 4033 innotuisse,
909 3963 996 4039 eique
1007 3965 1080 4041 opi·
1123 3963 1331 4022 describendos
1349 3963 1408 4022 sibi
1421 3983 1539 4023 sumens
1554 3977 1667 4037 auctor,
1680 3966 1698 4041 S
1714 3967 1801 4040 31-39
1813 3966 1890 4021 vitam

293 4054 377 4113 niani
390 4076 469 4114 suam
479 4057 515 4115 de
525 4069 607 4116 aetate
614 4059 765 4136 scriptoris
776 4059 961 4130 sententiam,
973 4062 1079 4137 spretis
1123 4058 1256 4137 depingit
1272 4077 1374 4117 eorum
1388 4059 1519 4137 quisunt
1529 4059 1606 4118 intra
1627 4060 1724 4118 fauces
1738 4061 1817 4118 sinus
1829 4059 1891 4114 Ara-

292 4152 421 4212 historiae
430 4155 616 4227 testimoniis,
626 4155 890 4214 accommodarunt.
907 4156 1038 4215 Similem
1048 4159 1079 4216 iu
1123 4153 1182 4213 bici
1193 4200 1201 4227 ,
1214 4155 1283 4213 dein
1295 4157 1312 4232 S
1323 4163 1415 4233 lto-49
1426 4155 1484 4236 pu)
1495 4169 1606 4213 ceteros
1622 4168 1752 4214 recenset
1770 4155 1801 4212 in
1818 4151 1894 4209 ureri-

292 4267 422 4306 errorem
434 4249 540 4307 incidit
556 4249 732 4310 lleichardus
746 4251 789 4328 (Ἴ.
800 4250 913 4310 Etenim
923 4271 1013 4328 quum
1024 4255 1079 4310 Ar·
1123 4253 1235 4311 diouali
1251 4252 1367 4312 Arabiae
1379 4272 1432 4311 ora
1451 4265 1480 4311 et
1499 4251 1567 4311 sinn
1581 4251 1698 4310 Persico
1715 4251 1852 4326 degentes.
1865 4246 1894 4302 ln

293 4342 453 4402 temidorus
464 4344 496 4402 in
507 4346 643 4404 orainter
657 4346 816 4406 berenicen
828 4359 856 4404 et
870 4345 1078 4406 Ptolemaidem
1123 4347 1168 4406 his
1183 4349 1200 4424 S
1215 4357 1249 4416 lt
1266 4348 1402 4406 laudatur
1418 4347 1567 4419 Simmiae,
1581 4365 1668 4424 quem
1683 4346 1848 4404 Ptolemaeus
1862 4341 1893 4398 ad

293 4438 388 4496 media
413 4441 531 4500 nonnisi
553 4461 646 4520 pauca
671 4443 801 4502 locorum
828 4443 963 4516 nomina,
989 4446 1080 4502 multa
1122 4447 1276 4500 Arabicam
1290 4444 1473 4521 potissimum
1491 4443 1562 4519 (non
1575 4461 1649 4500 vero
1660 4440 1807 4518 Libycam)
1823 4455 1893 4495 oram

292 4548 386 4592 autem
404 4537 435 4593 in
447 4536 516 4599 hod.
539 4539 705 4616 Abyssiniae
726 4539 811 4598 litore
831 4554 986 4612 recenseat,
1002 4541 1079 4619 apud
1123 4540 1331 4618 explorandam
1346 4541 1460 4598 misisse
1471 4539 1617 4618 putandus
1625 4552 1680 4599 est.
1693 4538 1824 4616 Ejusdem
1839 4533 1895 4591 Pro

212 4683 214 4687 .
293 4629 479 4689 Ptolemaeum
492 4653 563 4692 vero
576 4637 724 4695 contraria
736 4637 810 4695 ratio
821 4635 951 4696 obtineat
963 4659 969 4694 ι
980 4637 1078 4696 turba·
1123 4636 1218 4694 lemaei
1232 4635 1275 4693 lll
1291 4634 1474 4714 temporibus
1487 4635 1611 4713 reliqna,
1632 4655 1698 4712 quae
1712 4634 1749 4692 de
1764 4634 1816 4690 hac
1827 4634 1894 4688 Ara-

293 4736 351 4780 tam
373 4744 436 4784 esse
453 4727 629 4790 Artemidori
653 4732 892 4809 descriptionem,
909 4747 937 4791 et
952 4735 1079 4812 plurima
1122 4725 1895 4811 biaeparteuaduntur,primuminnotuisseprobabile

293 4839 392 4878 eorum
408 4840 473 4897 quae
483 4823 514 4880 in
523 4821 680 4900 Abyssiuia
691 4828 742 4885 ille
753 4828 917 4900 collocavit,
930 4831 965 4886 ad
975 4829 1078 4888 Nubiae
1124 4831 1180 4888 tite
1191 4831 1302 4889 collatis
1313 4832 1426 4889 interse
1436 4851 1501 4908 quae
1511 4832 1543 4888 in
1555 4830 1742 4888 ltlonnmento
1751 4826 1895 4885 Adulitano

296 4935 377 4973 oraru
387 4919 587 4976 transferenda
597 4941 659 4980 esse
671 4923 728 4982 sibi
741 4927 896 5002 persuasit,
906 4939 1078 5002 arreptaque
1124 4928 1260 5003 leguntur
1273 4941 1302 4986 et
1315 4949 1380 5005 quae
1392 4929 1429 4986 de
1442 4927 1628 5006 expeditione
1647 4927 1726 5003 regis
1739 4925 1769 4983 in
1782 4921 1894 4996 babylo-

293 5100 636 5234 εςγῦγῇγγγογλιγγιγιμγημυά
657 5105 699 5154 dte
722 5108 1056 5172 AEwpttsch·AEtlttoptsclte
1077 5114 1158 5162 dete
1177 5112 1220 5162 des
1241 5113 1400 5165 stammam
1414 5115 1555 5166 Zeitatterr
1574 5115 1599 5163 in
1613 5113 1675 5165 libro
1693 5129 1699 5162 :
1715 5113 1803 5163 litetur
1818 5119 1893 5172 aecor.

323 5240 368 5297 ra
379 5239 433 5287 νον.
445 5244 495 5288 not.
508 5243 546 5290 ar.
563 5243 615 5304 §u
631 5257 655 5305 p.
673 5251 724 5296 ιω.

325 5309 384 5370 (m)
394 5313 448 5372 Pag.
465 5315 504 5362 ttt
522 5317 572 5362 not.
587 5313 615 5363 ad
628 5315 642 5378 μ’
654 5319 684 5366 to
693 5330 709 5366 a
719 5316 772 5367 dcte
785 5319 856 5368 rerba
868 5323 928 5377 Qum
941 5319 1015 5384 apttd
1032 5323 1204 5374 Diodorum...
1216 5327 1379 5387 interposita.
