3950 5925
117 352 1714 422 ⁰000meaauumuoaooooauacuuoeuaaaumcooooooouuuaaaauum0

694 678 1127 799 PRAEFATIO.

828 1084 1059 1125 m,

155 1362 282 1437 Studia
310 1364 549 1463 geographica
570 1380 610 1437 ut
629 1366 792 1463 angustis
817 1366 915 1465 apud
947 1370 1131 1441 hourauos
1157 1366 1337 1441 limitibus
1361 1368 1648 1443 continebantur
1673 1394 1719 1443 ac

108 1486 358 1559 subsistebant
382 1488 453 1559 sere
477 1490 514 1559 in
533 1488 767 1561 dimetiendis
791 1491 934 1587 imperii
961 1493 1171 1588 provinciis,
1193 1491 1355 1590 sicapud
1376 1496 1521 1565 Grecos
1546 1494 1719 1577 latissime

107 1610 281 1705 patebant
295 1636 497 1708 eorumque
512 1636 577 1709 per
590 1636 702 1683 omne
717 1628 861 1710 tempus
878 1629 980 1685 erant
993 1613 1142 1685 deliciae.

156 1736 261 1805 Nosti
279 1735 441 1828 juvenile
459 1737 577 1831 gentis
592 1736 792 1831 ingenium.
814 1741 842 1807 E
862 1738 1006 1809 Graeciae
1033 1736 1139 1807 litore
1164 1737 1341 1811 lacinioso
1361 1737 1418 1810 vel
1443 1738 1582 1811 serenis
1608 1742 1719 1811 loniae

108 1858 221 1953 plagis
238 1882 337 1929 mure
352 1874 589 1956 prospectans
602 1884 694 1956 puer
709 1859 863 1931 ardescit
872 1860 1155 1959 longinquarum
1167 1876 1341 1934 terrarum
1355 1860 1538 1933 desiderio
1552 1877 1588 1933 et
1602 1886 1645 1933 ex
1656 1888 1720 1935 ore

107 1980 244 2079 pendet
258 1981 324 2052 diu
340 1984 455 2077 vagati
469 1998 585 2055 nautae
603 1984 738 2073 Carici;
758 1984 812 2057 vir
827 1984 977 2075 deinde,
993 1987 1024 2057 si
1039 1985 1129 2057 serat
1143 1985 1304 2075 lortuna,
1316 1985 1440 2057 audita
1454 2001 1623 2084 properat
1644 1987 1720 2059 suis

108 2126 285 2202 usurpare
302 2104 418 2177 oculis
434 2120 541 2203 atque
559 2132 653 2179 nova
669 2106 801 2179 addere
819 2108 930 2195 notis,
951 2123 994 2179 ut
1007 2109 1122 2181 redux
1139 2109 1287 2182 taudem
1309 2110 1383 2181 visa
1399 2109 1650 2182 circumstanti
1665 2134 1722 2182 re·

108 2229 193 2299 citet
223 2252 368 2299 coronae
392 2228 578 2326 literisque
601 2230 750 2302 condita
772 2230 889 2302 tradat
914 2233 1126 2327 posteritati.
1144 2234 1204 2305 Sic
1227 2234 1267 2305 in
1290 2233 1409 2330 primo
1428 2232 1549 2305 statim
1571 2232 1674 2331 quod
1700 2259 1722 2305 e

107 2374 225 2448 prosae
240 2350 416 2422 orationis
431 2351 664 2431 incunabulis
682 2352 818 2450 prodiit
838 2377 947 2451 opere
966 2357 1039 2452 ἀνὴρ
1065 2362 1278 2437 πολυπλανὴς,
1298 2360 1494 2442 Hecataeus,
1514 2353 1636 2425 nativa
1657 2378 1722 2427 na·

108 2473 247 2543 secutis
272 2474 451 2545 sermonis
476 2474 705 2571 simplicitate
719 2476 849 2549 orbem
875 2492 1051 2549 terrarum
1065 2477 1225 2575 pandere
1246 2478 1418 2550 instituit.
1437 2474 1651 2571 Cujustnodi
1674 2476 1723 2551 ab

107 2596 226 2666 initiis
241 2595 401 2693 prolecta
419 2598 637 2694 geographia
657 2599 765 2672 latius
785 2599 944 2673 subinde
965 2603 1162 2697 exspatiata
1182 2615 1249 2673 est.
1269 2604 1313 2673 Et
1331 2623 1447 2697 quum
1465 2597 1656 2695 multiplex
1674 2599 1723 2671 sit

107 2734 365 2813 argumentum
376 2743 417 2790 ac
427 2720 615 2816 plerasque
625 2720 793 2793 scientias
804 2721 983 2794 humanas
996 2724 1159 2817 attingat,
1173 2722 1232 2793 vix
1244 2718 1359 2792 ullum
1370 2718 1506 2791 Graecia
1514 2716 1722 2791 studiorum

8 2882 9 2893 .
108 2841 334 2912 curriculum
351 2842 455 2913 inivit
471 2844 562 2940 quin
579 2845 750 2915 comitem
762 2870 801 2915 se
816 2844 1027 2943 adjungeret
1037 2844 1265 2942 geographia,
1279 2866 1359 2941 quae
1374 2866 1447 2913 una
1463 2836 1720 2939 logographos,

107 2967 305 3063 sophistas,
328 2965 582 3064 philosophos,
594 2967 801 3060 historicos,
819 2994 939 3040 rerum
957 2970 1175 3043 naturalium
1191 2980 1419 3056 scrutatores,
1432 2964 1720 3050 mathematicos,

109 3104 356 3178 astronomos,
375 3103 513 3178 nautas,
533 3105 761 3182 mercatores,
783 3091 1078 3164 diversicolorem
1093 3117 1180 3164 sane
1201 3104 1359 3187 gentem,
1376 3090 1488 3161 vastis
1508 3089 1585 3160 suis
1596 3087 1723 3186 spatiis

107 3214 263 3310 excepit
279 3213 449 3309 Denique
466 3228 551 3310 post
571 3211 765 3286 Claudium
781 3215 1029 3305 Ptolemaeum,
1043 3216 1169 3288 lumen
1184 3215 1367 3303 ultimum,
1388 3237 1453 3310 per
1469 3209 1620 3308 longum
1640 3208 1723 3282 lite·

109 3362 232 3408 rarum
246 3335 501 3434 crepusculum
515 3363 590 3408 non
601 3353 704 3411 aucta
716 3339 864 3434 quidem
878 3354 933 3412 est
941 3340 1092 3412 scientia
1106 3333 1355 3436 geographica,
1365 3334 1467 3406 haud
1478 3335 1584 3432 pauci
1602 3350 1721 3407 tamen

108 3459 416 3547 commentandiS,
439 3459 663 3556 colligendis,
680 3461 917 3558 excerpendis
931 3476 1158 3533 vetustorum
1170 3458 1461 3561 geographorum
1473 3457 1617 3556 scriptis
1633 3481 1722 3556 ope·

108 3609 188 3654 ram
206 3583 405 3672 navabant,
423 3582 628 3679 usquedum
648 3583 822 3681 ingruens
847 3582 1026 3655 barbariei
1047 3583 1162 3678 caligo
1182 3583 1253 3653 situ
1281 3605 1348 3652 suo
1375 3580 1500 3651 omnia
1523 3579 1722 3678 obtegeret.

159 3713 246 3778 Post
266 3706 382 3778 diram
412 3721 557 3776 noctem
588 3722 799 3778 renascente
819 3705 969 3778 demum
985 3706 1067 3786 luce
1085 3705 1290 3792 literarum,
1311 3718 1348 3775 ct
1376 3728 1602 3801 unoquoque
1618 3727 1722 3774 suam

107 3831 369 3902 dinumerante
400 3829 603 3918 fortunam,
644 3827 750 3900 nohis
771 3827 949 3926 quidnam
973 3828 1252 3927 perduraverat?
1274 3831 1307 3898 Ο
1332 3841 1486 3924 stragem
1507 3827 1721 3916 immanem,

102 3955 287 4048 jacturam
314 3949 603 4050 irreparabilem!
634 3957 662 4024 E
683 3953 792 4023 tantis
816 3952 1187 4050 locupletissimorum
1213 3951 1392 4022 librorum
1415 3949 1551 4021 divitiis
1572 3951 1640 4021 tria
1665 3950 1724 4022 vix

107 4081 246 4176 scripta
265 4077 413 4170 majora,
433 4074 633 4164 Strabonis,
655 4076 849 4167 Ptolemaei,
872 4076 1068 4166 Hermolai,
1090 4075 1221 4147 servari
1237 4074 1400 4169 contigit.
1423 4078 1468 4144 Et
1486 4098 1533 4144 ne
1555 4073 1632 4144 haec
1644 4074 1725 4170 qui·

109 4203 195 4272 dem
208 4200 307 4272 salva
315 4223 464 4297 prorsus
474 4214 703 4271 emerserant.
719 4204 809 4270 Nam
821 4200 1011 4271 Strabonis
1024 4214 1061 4270 et
1074 4197 1254 4270 Ptolemaei
1268 4195 1383 4269 libros
1392 4210 1619 4294 quantopere
1631 4211 1723 4267 tem·

111 4350 245 4422 porum
264 4323 395 4417 injuria
415 4336 451 4392 et
472 4320 674 4392 scribarum
696 4321 888 4394 doctorum
905 4321 1062 4413 licentia,
1082 4321 1316 4394 indoctorum
1336 4318 1503 4392 socordia
1521 4317 1720 4402 soedaverit,

111 4447 339 4545 Stephanum
366 4469 452 4515 vero
466 4442 513 4514 ab
530 4443 723 4516 Hermolao
744 4445 946 4516 breviatum
967 4469 1077 4543 quam
1101 4444 1259 4515 lacerum
1284 4442 1546 4541 eripuerimus,
1571 4442 1654 4538 quis
1668 4454 1725 4510 est

111 4573 174 4669 qui
195 4570 448 4641 nesciatlilaec
464 4568 572 4664 igitur
586 4583 774 4640 auctorum
792 4569 876 4639 trias
890 4592 1007 4664 quum
1024 4569 1071 4639 sit
1085 4569 1189 4666 quasi
1203 4562 1382 4663 κλειδοῦχος
1394 4589 1474 4662 quae
1484 4579 1640 4636 veterem
1656 4589 1724 4635 no·

111 4695 169 4766 his
189 4695 318 4768 orbem
335 4693 509 4781 recludat,
531 4709 567 4764 et
579 4717 836 4788 magnorum
858 4693 1148 4791 geographorum
1165 4693 1316 4764 nomine
1330 4689 1551 4786 designetur,
1566 4688 1723 4760 multum

113 4835 234 4890 tamen
250 4820 353 4891 abest
370 4833 410 4889 ut
424 4815 578 4890 modicis
594 4817 669 4887 suis
685 4815 935 4889 voluminibus
946 4815 1234 4912 nragnitudinem
1250 4828 1286 4885 et
1298 4815 1504 4886 varietatem
1521 4811 1724 4910 argumenti

114 4944 270 5040 ingentis
283 4944 429 5039 assequi
445 4941 615 5038 potuerit.

164 5074 287 5167 ltaque
305 5070 508 5168 plurimum
532 5066 639 5137 refert
665 5081 781 5137 cetera
800 5067 1020 5162 cognitionis
1041 5064 1288 5162 geographicae
1317 5065 1560 5135 instrumenta
1581 5061 1723 5133 curiose

117 5176 392 5279 circumspicere
408 5199 441 5258 et
461 5189 498 5260 in
517 5216 602 5264 usus
633 5207 779 5262 nostros
800 5205 1023 5262 convertere.
1041 5189 1245 5285 Principem
1264 5213 1349 5260 vero
1368 5187 1461 5258 inter
1474 5211 1515 5256 ea
1534 5183 1656 5256 locum
1673 5195 1724 5254 te·

194 5290 275 5338 alnon.
299 5304 318 5346 ι,
