3950 5925
224 418 261 470 ss
781 402 966 464 sciurus
988 402 1282 466 crnxmonusrs
1776 400 1844 481 (vs)

225 536 404 619 Καταρόοὶτης
423 536 549 614 ποταμός.
601 534 762 615 Παράπλους
786 539 832 607 τῆς
853 534 1007 615 Λιόυρνίδος
1052 546 1099 597 11ae
1122 544 1212 597 insulae
1232 558 1332 611 magnes
1354 552 1425 593 sunt.
1468 542 1538 595 Tum
1560 542 1654 594 fluvius
1676 542 1843 596 Catachates.

224 625 313 705 χώρας
326 628 432 704 ἡμερῶν
443 624 496 683 δύο.
1052 629 1280 699 Praeternavigatio
1292 628 1425 680 Liburniae
1439 626 1542 679 dierum
1552 627 1677 681 duorum.

264 732 302 773 οι.
320 715 471 772 ΙΔΔΥΡΙΟΙ.
494 708 572 771 hired
590 709 617 767 δὲ
635 708 780 789 Λιόυρνοός
803 712 868 768 εἰσιν
883 708 1008 789 Ἰλλυριοί
1087 732 1131 768 ου.
1143 719 1260 768 husun.
1276 717 1337 767 Post
1345 713 1600 783 Liburnossequitur
1608 714 1758 785 Illyriorum
1768 732 1844 783 gens,

224 800 307 873 όθιος,
330 801 376 858 καί
396 791 565 879 παροικοῦσιν
589 800 613 856 ol
635 797 761 877 Ἰλλυριοὶ
781 796 856 877 παρὰ
877 798 1009 856 θάλατταν
1052 802 1311 874 habitentquelllyrii
1320 802 1465 855 secundum
1475 802 1674 873 marcusquead
1684 802 1843 867 Chaoniam,

225 886 305 967 μέχρι
320 887 435 952 Χαονίας
448 891 495 957 τῆς
510 884 581 945 κατὰ
594 884 731 965 Κόρκυραν
749 884 797 957 τὴν
816 882 948 946 Ἀλκινόου
960 889 1007 956 νῆ·
1052 911 1111 963 quse
1128 902 1167 945 est
1179 910 1211 945 ex
1225 891 1335 944 adverso
1346 892 1477 961 Corcyrae,
1492 890 1595 943 Alcinoi
1607 890 1707 942 insulae.
1745 892 1848 959 Estque

225 996 282 1033 θον·
325 971 380 1032 Καὶ
399 972 476 1040 atie
497 972 568 1031 ἱστόν
586 971 709 1044 ‘Ellrple
734 974 863 1049 ἕθταῧθα,
887 964 906 1052 ᾗ
926 970 1009 1047 ὄνομα
1053 982 1089 1034 ibi
1102 982 1166 1034 urbs
1175 982 1276 1045 Graeca,
1290 972 1332 1033 cui
1342 998 1439 1033 nomeu
1450 980 1584 1044 Heraclea,
1598 998 1658 1033 cum
1668 990 1757 1051 portu.
1777 981 1848 1032 Sunt

169 1102 172 1106 ν
225 1058 389 1138 Ἡράκλεια,
413 1059 459 1118 καί
483 1060 574 1136 λιμήν.
618 1059 679 1119 Elei
698 1057 726 1116 όό
748 1058 793 1117 καί
816 1061 840 1118 oi
862 1058 1011 1139 λωτορᾶγοι
1054 1068 1091 1120 ibi
1108 1068 1187 1121 etiam
1201 1068 1333 1137 lotophagi
1355 1068 1402 1137 qui
1417 1076 1545 1119 vocantur
1558 1065 1663 1119 barbari
1684 1065 1733 1118 hi:
1753 1066 1848 1117 Hiero·

227 1146 388 1223 καλούμενοι
412 1146 544 1227 βάρόαροι
569 1146 636 1207 οἵδε·
660 1146 864 1227 Ἱεραστοίμναι,
889 1146 1009 1205 Βουλινοὶ
1054 1154 1298 1219 stamnae,·Bulini;
1316 1152 1472 1205 Bulinorum
1486 1151 1654 1223 viciniHylli.
1692 1150 1848 1222 Hillyllum

224 1235 235 1311 (
249 1232 368 1293 ‘mirol
380 1235 402 1314 l·
414 1238 547 1295 Βουλινῶν
555 1234 728 1315 ὁμοτέρμονες
745 1232 851 1296 Ὕλλοι.
893 1225 974 1293 Οὗτοι
981 1232 1011 1291 δι’
1054 1239 1174 1293 Herculis
1182 1237 1344 1291 hliumsedes
1352 1239 1415 1309 ipsis
1424 1239 1566 1307 assignasse
1575 1237 1676 1301 leruut;
1685 1246 1747 1289 sunt
1756 1247 1847 1290 autern

227 1344 305 1402 φασιν
317 1320 418 1383 Ὕλλον
433 1323 477 1382 τόν
489 1322 652 1402 Ἡρακλέους
672 1323 766 1390 αὐτοὺς
782 1321 945 1381 κατοικίσαι·
960 1320 1011 1380 eloi
1054 1328 1170 1393 barbari,
1183 1327 1327 1381 incolentes
1341 1326 1505 1397 peninsulam
1523 1326 1611 1397 paullo
1628 1326 1758 1378 minorem
1772 1324 1850 1378 Pelo-

225 1408 406 1490 δέβοίρόαροι.
450 1409 897 1490 Κατοικοῦσιδέχερρόνησονόλίγῳ
905 1408 1010 1497 ίλᾶσσρο
1056 1434 1184 1488 ponneso.
1222 1418 1285 1470 Post
1296 1414 1460 1486 peninsulam
1471 1432 1533 1467 vero
1546 1414 1577 1485 [*
1592 1414 1697 1485 insula]
1713 1432 1764 1466 orn
1773 1432 1849 1485 prn-

225 1502 272 1569 τῆς
281 1497 492 1569 Πελοποννήσου.
534 1495 1010 1576 Ἀπὸδέχερρονήσουπαραστόνιον*
1044 1504 1175 1558 νωυίίνιιν
1188 1504 1266 1577 quasi
1282 1504 1363 1557 toenin
1381 1514 1468 1569 recta3
1479 1502 1556 1573 juxta
1567 1521 1646 1574 quam
1658 1502 1780 1555 accolunt
1796 1503 1849 1554 ttu-

227 1584 429 1663 όρθόν·ταύτην
443 1590 598 1666 παροικοῦσι
609 1582 739 1646 Βουλινοί.
781 1582 933 1644 Βουλινοὶδ“
948 1582 1012 1641 οἷσίν
1054 1592 1111 1646 lini.
1148 1591 1235 1645 Bulini
1254 1602 1342 1644 autem
1362 1600 1500 1659 suntgeus
1520 1588 1679 1661 lllyriorum.
1703 1592 1850 1642 Praeterna·

229 1672 300 1739 ἔθνος
318 1671 474 1752 Ἰλλυρικόν.
517 1672 679 1751 Παράπλους
694 1670 717 1729 δ’
736 1670 792 1731 ἐστὶ
812 1674 859 1743 τῆς
877 1672 1009 1731 Βουλινῶν
1055 1679 1153 1748 vigstio
1166 1678 1280 1747 regionis
1297 1677 1453 1731 Bulinorum
1469 1692 1553 1746 usque
1571 1675 1605 1728 ad
1626 1676 1723 1728 llumen
1734 1676 1850 1727 Nestum

225 1757 316 1837 χώρας
327 1758 428 1838 ἡμέρας
443 1768 548 1839 μακρᾶς
564 1758 608 1817 ἐπὶ
618 1758 721 1819 Νέστον
735 1758 866 1837 ποταμόν.
1057 1775 1097 1818 est
1113 1764 1183 1833 longi
1196 1762 1249 1816 diei
1261 1764 1348 1816 unius.

224 1946 479 2015 -ίίαταρόάτης]
489 1946 623 1999 «Videtur
631 1948 682 2000 hoc
689 1948 788 2001 flumen
795 1948 866 2000 idern
874 1961 1015 2018 essentque
1059 1957 1087 1999 et
1097 1938 1226 2016 Seymnus
1248 1948 1310 2009 408,
1329 1944 1375 1997 ubi
1390 1943 1458 1996 ride.
1474 1948 1526 2015 Ap.
1540 1944 1696 2015 Dionysium
1710 1945 1761 1997 386
1775 1963 1851 1997 nunc

227 2024 361 2077 Plinianus
387 2025 486 2079 Titius.
512 2029 552 2079 tn
574 2028 654 2079 sentit
677 2028 810 2080 Mannert.
835 2032 927 2095 Geogr.
950 2029 1013 2092 vll,
1060 2025 1154 2095 legitur
1169 2022 1850 2094 ὟλλείωνχόόναςοοόΕιιοῑοῑίιίιιενσρεσίιὙλλήων

226 2122 253 2174 p.
274 2108 335 2158 286.
360 2131 371 2152 .
388 2108 468 2159 Gru,
492 2106 523 2158 Id
539 2124 600 2159 vero
621 2106 683 2159 sen-i
704 2109 805 2177 nequit.
820 2109 888 2160 Nam
904 2106 1015 2176 Scylacis
1061 2101 1150 2172 (poet.
1166 2121 1215 2175 pro
1225 2099 1566 2175 'lllluv);Bcrnhsrdyus
1574 2102 1601 2153 in
1613 2099 1734 2155 ‘melos
1739 2102 1849 2172 juoeos.

227 2184 356 2236 Liburnia
381 2186 486 2236 nonnisi
508 2203 592 2255 usque
614 2184 647 2237 ad
670 2185 865 2238 Chersonesum
887 2186 1015 2256 llyllimm
1060 2178 1596 2254 sendens,leg.'proponit‘ntetqryreve
1609 2180 1787 2251 ΙΙ-οιότοὶις
1803 2205 1851 2237 κα-

225 2264 355 2332 pertinet;
365 2264 451 2315 'litius
460 2281 523 2316 vero
532 2265 636 2328 fluvius,
649 2281 703 2334 quo
711 2264 782 2335 apud
795 2265 908 2318 Plinium
921 2265 1016 2318 Libur·
1061 2260 1277 2328 τοικίσαι]Α1ίῑ
1287 2260 1406 2329 legerunt
1417 2258 1491 2312 sisoi
1503 2262 1660 2325 κατοικῆσαις
1672 2260 1734 2314 hinc
1743 2264 1828 2317 codex
1841 2282 1848 2316 τ

227 2342 272 2393 nia
291 2340 393 2406 finitur,
410 2360 426 2394 a
440 2342 550 2395 meridie
572 2354 611 2395 est
624 2342 703 2413 hujus
725 2343 890 2396 Chersonesi.
912 2342 1016 2410 Quodsi
1061 2337 1147 2399 αὗτοὶις
1159 2342 1364 2405 τοΰκατοῑκῆσαῑ.
1376 2336 1502 2405 ΙΙ-εθσλ
1518 2337 1548 2391 δὲ
1567 2338 1738 2410 βάρθαροι]
1756 2342 1851 2414 Serm-

227 2420 378 2473 Caterbates
392 2422 520 2473 terminus
534 2421 584 2474 luit
593 2423 729 2475 Liburnis
741 2433 768 2474 et
782 2423 939 2476 Chersonesi
953 2421 1016 2492 Hyl-
1060 2436 1110 2469 nus
1119 2418 1137 2471 l.
1151 2418 1169 2471 l.
1186 2435 1191 2469 :
1206 2417 1420 2489 ἔκόαρόαρωθῆναι
1429 2416 1455 2470 δὲ
1466 2418 1565 2478 rihholt<
1574 2422 1608 2489 τῷ
1620 2420 1704 2491 χρόνῳ
1713 2423 1766 2483 τοῖς
1777 2422 1851 2487 ἤθεσι

227 2498 292 2564 lym,
308 2501 346 2552 uti
354 2499 468 2565 videtur,
482 2500 552 2553 ydem
563 2512 603 2554 est
617 2502 712 2554 fluvius
726 2520 787 2554 cum
799 2521 831 2554 ρο
842 2520 921 2572 quem
931 2502 1016 2555 Τρὼς.
1060 2496 1183 2567 ἱστοροῦσι
1199 2499 1252 2558 τοῖς
1264 2502 1312 2549 τῶν
1325 2496 1440 2563 πλησίον.
1454 2495 1533 2549 Haud
1544 2495 1623 2549 dubie
1638 2497 1673 2549 ad
1690 2500 1850 2571 Pelasgis-sm

226 2580 302 2631 nium
315 2578 354 2631 vel
362 2578 505 2631 Tidanium
516 2591 610 2632 vocant
619 2580 718 2633 Plinius
729 2591 755 2633 ct
764 2580 933 2642 Ptolemaeus;
945 2600 1017 2634 nunc
1061 2577 1167 2646 stirpem
1180 2576 1249 2647 Hylll
1270 2577 1412 2648 pertineni-
1431 2578 1466 2629 v·
1486 2574 1614 2629 Niebuhr·
1628 2580 1661 2629 R·
1672 2582 1706 2631 G·
1721 2581 1744 2645 Ῑ,
1755 2598 1782 2651 P·
1799 2584 1848 2649 533

228 2659 370 2728 Kermanjn
389 2656 493 2711 dicunt.
508 2661 549 2711 Eo
571 2658 718 2711 secundum
740 2659 855 2713 Plinium
877 2660 1017 2713 liniebatur
1060 2656 1164 2709 Mfiller.
1181 2660 1246 2709 Dor.
1268 2659 1291 2721 I,
1311 2674 1338 2727 p.
1357 2654 1611 2717 intercessione
1627 2654 1790 2730 dicitEtym.
1807 2665 1848 2716 M.

227 2735 294 2789 ditio
303 2734 443 2807 Iapydum,
456 2739 501 2807 qui
511 2756 526 2790 e
536 2729 729 2790 mediterraneo
739 2738 912 2791 imminebant
922 2739 1017 2791 Libru·
1060 2752 1088 2804 p.
1101 2739 1163 2804 776,
1175 2735 1219 2804 39.
1238 2737 1248 2803 ll
1260 2764 1296 2775 -
1308 2734 1410 2807 ὀλίγῳ
1428 2734 1553 2787 ἐλάσσω
1565 2737 1575 2803 ]
1588 2737 1685 2789 Formi
1695 2739 1786 2793 similis
1801 2744 1850 2795 ali-

227 2816 279 2868 nis.
305 2816 458 2868 Holstenius
480 2818 580 2870 vertit:
603 2820 690 2869 Juxta
708 2827 747 2868 est
766 2817 880 2869 Arbores
891 2817 1014 2884 fluuius,
1061 2826 1199 2884 quatenus,
1219 2814 1265 2868 sed
1280 2814 1382 2868 ambitu
1395 2831 1456 2867 cum
1470 2814 1651 2887 Peloponneso
1665 2835 1719 2870 non
1739 2838 1849 2893 compa.

227 2894 302 2963 quasi
317 2895 345 2945 in
368 2896 458 2965 graecis
479 2906 565 2949 esset:
583 2894 647 2947 κατὰ
658 2895 746 2957 ταύτας
762 2893 876 2965 Ἆρόάτης
895 2897 1014 2966 ποταμός.
1061 2893 1144 2947 randa
1172 2895 1351 2949 Chersonesus
1388 2893 1498 2966 Hyllice.
1529 2896 1541 2964 ΙΙ
1566 2924 1603 2934 -
1630 2900 1850 2967 παραστόνιον

228 2972 310 3040 Quod
323 2984 354 3026 ut
366 2985 492 3028 statueret
504 2977 545 3027 vir
558 2974 643 3038 doct,
657 2977 741 3028 movit
754 2975 824 3027 haud
843 2975 924 3027 dubie
941 2976 1017 3028 Arba
1061 2971 1173 3042 όρθόν·
1190 2973 1307 3039 ταύτην
1321 2977 1330 3040 1
1342 2974 1482 3044 Corrupto.
1499 2974 1651 3026 Gronovius
1669 2975 1739 3047 conj.
1763 2983 1849 3052 εποιρὰ

227 3051 313 3105 insule
323 3052 394 3124 apud
404 3054 533 3121 Plinium;
544 3073 636 3109 verum
645 3073 728 3127 prope
734 3073 792 3107 earn
801 3054 903 3107 nullum
915 3073 1017 3126 mappas
1062 3053 1104 3105 τόν
1119 3054 1196 3124 ὄχθον
1206 3053 1292 3126 ταύτῃ,
1308 3051 1340 3104 ld
1358 3063 1450 3105 eontra
1462 3051 1611 3123 Scylaceum
1622 3054 1748 3125 loquendi
1758 3077 1848 3116 usum.

228 3130 340 3184 fluvium
356 3133 491 3187 exhibent,
835 3195 838 3200 ¹
1062 3133 1212 3187 Holstenius
1231 3133 1330 3185 vertit:
1348 3135 1413 3184 Post
1434 3131 1613 3185 Chersonesum
1637 3133 1702 3188 litus
1719 3135 1850 3194 directum

264 3212 338 3277 Sua.
358 3211 518 3281 Χαονίας]
534 3231 587 3265 em.
602 3214 685 3276 Voss;
700 3212 812 3273 Χλωνίας
832 3212 911 3265 codd.
924 3212 1018 3264 -καί
1061 3214 1182 3266 accolunt
1199 3212 1298 3265 Buliui.
1314 3215 1353 3266 Ac
1366 3212 1495 3264 senehaec
1507 3229 1560 3263 orae
1577 3229 1638 3283 pars
1657 3217 1787 3284 usquead
1802 3223 1849 3272 Ti·

228 3287 319 3351 πόλις
336 3289 474 3344 ἐνταῦθα
493 3291 550 3344 κτλ.
563 3296 572 3360 ]
586 3294 659 3355 Ηιοο,
672 3293 749 3345 sicuti
767 3292 904 3363 complura
919 3294 947 3344 in
966 3293 1018 3345 hoe
1062 3293 1128 3348 tium
1141 3293 1251 3344 lluvium
1263 3291 1358 3343 lineam
1372 3300 1470 3342 rectam
1481 3289 1570 3352 refert,
1583 3309 1665 3361 quum
1678 3292 1776 3366 reliqua
1788 3299 1852 3352 lari-

227 3370 353 3436 segmim,
363 3372 461 3424 mirum
471 3372 498 3424 in
507 3371 617 3425 modum
629 3382 692 3423 sunt
702 3372 1017 3425 hiulca.lleracleaeurhis
1062 3373 1133 3424 niata
1150 3372 1184 3424 sit
1199 3381 1226 3424 ct
1245 3371 1359 3423 sinuosa.
1381 3369 1509 3422 Holstenii
1527 3371 1682 3423 sententiam
1701 3374 1793 3429 Grteoe
1812 3380 1851 3431 sic

228 3449 328 3500 mentio
340 3449 402 3503 sort.
414 3451 482 3504 illata
495 3463 535 3504 est
544 3470 576 3504 ex
585 3454 670 3520 glossa
678 3449 713 3502 ad
725 3453 803 3504 verba
817 3469 823 3503 :
837 3452 909 3521 φασὶν
919 3450 1017 3504 Ὕλλον
1061 3453 1154 3506 extulit
1170 3452 1324 3505 Fabricius:
1344 3450 1476 3520 παράκτιον
1489 3448 1571 3519 όρθόν·
1586 3450 1661 3522 ταύτῃ
1673 3452 1729 3506 κτλ.
1750 3459 1784 3509 At
1798 3477 1850 3511 vox

228 3527 272 3580 τόν
291 3525 440 3598 Ἡρακλέους
453 3529 539 3592 αὐτους
552 3532 700 3582 κατοικίσαι.
714 3532 755 3583 De
772 3531 838 3583 urbe
851 3532 899 3584 hac
912 3530 1018 3584 aliunde
1062 3533 1192 3602 παρέκτιος
1200 3532 1305 3584 nonnisi
1318 3548 1360 3601 ap.
1372 3539 1462 3601 poetas
1473 3528 1616 3600 additoque
1631 3529 1794 3587 substantivo
1805 3555 1851 3590 oe-

229 3624 284 3658 non
309 3618 430 3671 constat,
452 3626 483 3661 ac
507 3609 679 3680 probabiliter
699 3628 801 3662 merum
825 3621 865 3663 est
883 3628 1018 3662 commen·
1062 3614 1153 3665 currit.
1180 3614 1272 3678 Quum
1289 3609 1365 3680 juxta
1382 3609 1451 3662 hanc
1479 3625 1554 3660 oram
1572 3608 1656 3661 insula
1675 3611 1800 3683 perlonga
1824 3627 1851 3668 ct

228 3694 296 3736 turn.
308 3688 319 3754 ll
330 3716 367 3725 -
377 3686 563 3757 λωτοφάγοι
573 3691 583 3755 ]
593 3689 783 3759 Theopompus
800 3688 834 3740 do
845 3689 886 3741 his
904 3690 1017 3758 regioni·
1061 3693 1213 3744 tenuissime
1222 3691 1296 3760 quasi
1308 3689 1384 3742 taenia
1394 3698 1513 3759 porrecta
1524 3689 1567 3753 sit,
1584 3698 1734 3761 oetcrasque
1751 3693 1851 3749 insulas

228 3761 279 3813 hus
296 3762 365 3814 dixit
376 3763 444 3816 lihro
456 3765 536 3828 xxl;
551 3766 578 3817 in
593 3784 648 3836 quo
661 3784 744 3836 quum
756 3766 790 3819 dc
802 3767 906 3837 paliuro
917 3778 943 3820 et
954 3787 1018 3820 con·
1062 3771 1173 3842 majores
1188 3780 1309 3824 accurate
1323 3768 1415 3840 Scylax
1428 3778 1572 3832 recenseat,
1592 3771 1686 3821 tentari
1705 3773 1787 3842 possit
1799 3777 1852 3830 tale
1967 3775 1968 3784 ’

228 3859 304 3906 naro,
313 3840 429 3910 ejusdem
437 3842 512 3914 cujus
522 3844 592 3896 lotus
603 3845 701 3916 Libyca
710 3857 748 3898 est
757 3847 857 3915 generis
866 3846 1015 3912 arboribus,
1062 3850 1126 3922 quid
1141 3867 1147 3903 :
1161 3849 1209 3903 ἀπὸ
1220 3849 1246 3902 δὲ
1258 3848 1410 3919 Χερρονήσου
1422 3851 1431 3914 [
1441 3848 1517 3900 blesa
1528 3850 1621 3916 νῆσος]
1638 3853 1785 3919 παρσίτείνει
1795 3857 1805 3922 ]
1817 3855 1852 3918 ὡς

229 3938 317 3973 sermo
329 3921 408 3975 luerit
419 3922 427 3993 (
441 3923 474 3975 lr.
491 3924 540 3986 145
551 3927 562 3993 )
576 3941 583 3976 :
594 3925 656 3977 binc
666 3925 817 3996 lotophagos
828 3926 921 3997 Illyrias
932 3926 1018 3980 dictos
1062 3930 1154 3984 ταινίον
1176 3927 1258 3998 όρθόν·
1281 3927 1371 3994 ταύτην
1392 3924 1447 3978 κτλ.
1468 3927 1563 3978 Sissam
1582 3929 1632 3979 ins.
1653 3930 1732 3998 petivi
1751 3949 1766 3983 e
1778 3934 1848 3987 Tan.

229 4000 359 4069 suspicor.
374 4000 416 4054 Cl.
430 4002 578 4072 Hesychius
591 4013 618 4056 et
631 4006 746 4057 Zonaras
766 4021 773 4057 ι
793 4006 982 4058 Λωτόόοσκο
991 4026 1016 4071 ς,
1061 4009 1194 4076 Ροιιῑίορ.,
1206 4006 1266 4060 οοίί.
1279 4008 1411 4059 Mannert.
1422 4007 1485 4069 VII,
1495 4022 1523 4075 p.
1535 4005 1596 4074 376.
1610 4005 1731 4060 Ceterum
1743 4009 1851 4066 videant

228 4075 346 4148 ἡθρᾴκη
367 4079 383 4145 ἢ
407 4078 538 4151 Αἴγυπτος.
564 4083 575 4148 ll
597 4112 634 4124 —
660 4081 902 4154 Ἱεραοτάμναι]
923 4086 1016 4154 ignoti.
1062 4083 1456 4153 acutioroe.ll-Boulttvol.
1482 4081 1851 4153 boulirolJSemelhanc

229 4157 362 4226 Praecipua
379 4157 443 4210 urbs
461 4153 524 4212 inde
541 4178 558 4211 a
572 4159 690 4212 Tedanio
703 4161 783 4213 lluvio
799 4172 856 4214 erat
869 4159 965 4231 Ἰάδερα
979 4163 1018 4216 vel
1062 4183 1121 4218 voc.
1135 4164 1231 4217 habent
1243 4162 1391 4235 apographa
1402 4163 1489 4215 Velio.
1510 4171 1537 4214 et
1549 4163 1624 4215 Mon.
1642 4163 1653 4230 il
1675 4195 1712 4208 ··-
1725 4165 1849 4223 Νέστον

230 4233 310 4286 leder
324 4234 332 4304 ί
344 4234 475 4289 [adertiru'
487 4237 578 4291 ineolae
588 4238 610 4310 ),
633 4257 713 4310 quam
727 4239 823 4293 deinde
837 4242 934 4310 exeipit
955 4243 1018 4294 sla·
1061 4245 1193 4315 ποταμόν]
1205 4261 1257 4297 em.
1271 4243 1352 4309 Gail.;
1365 4241 1459 4296 Νεστόν
1467 4243 1561 4296 κόλπον
1570 4243 1649 4298 codd.
1661 4248 1746 4300 Voces
1756 4249 1852 4315 κόλπος

229 4329 299 4364 norm
329 4313 368 4365 vel
398 4315 544 4368 Blandona.
576 4319 674 4371 Prioris
700 4328 770 4370 certe
794 4317 868 4371 urbis
890 4321 1018 4374 memoria
1062 4333 1088 4375 et
1099 4321 1208 4392 ποταμός
1218 4323 1245 4374 in
1254 4321 1345 4375 codiee
1357 4332 1447 4374 nostro
1463 4321 1501 4393 (in
1514 4323 1649 4376 Marciano
1657 4327 1782 4400 maxime)
1802 4347 1851 4384 sse·

231 4402 322 4442 nostro
344 4392 403 4445 loco
425 4394 501 4448 inest.
521 4395 594 4448 Fort.
609 4407 665 4450 erat
681 4395 858 4467 Ἰαδερατῆναι.
877 4398 940 4465 ll-
951 4396 1018 4452 Ὗλ·
1062 4399 1482 4472 ρίσοίινιοσοιιίυοείοιιίυο.Νε’στον
1492 4399 1554 4453 dedi
1563 4419 1594 4454 ex
1601 4415 1732 4475 praecepto
1740 4407 1849 4461 Arcadii

229 4466 332 4537 λινοί]
351 4470 423 4540 Ejico
438 4492 529 4527 vocem
547 4486 636 4528 natam
653 4494 686 4528 ex
704 4475 881 4547 dittographiu
903 4480 1018 4532 nominis
1063 4483 1103 4534 De
1112 4499 1167 4534 acc.
1178 4498 1205 4552 p.
1220 4499 1265 4550 79,
1276 4483 1406 4534 ao.Derc
1417 4479 1452 4532 cl.
1466 4481 1503 4534 St.
1515 4482 1576 4552 Byz.
1593 4498 1600 4534 :
1614 4482 1713 4550 Νέστος,
1725 4485 1796 4548 πόλις
1807 4489 1851 4540 καὶ

230 4548 409 4617 yrmoedentis.
431 4557 443 4624 ΙΙ
464 4554 752 4627 -όροτίρμονες]
773 4557 909 4621 Clausen.;
933 4558 1018 4612 codex
1061 4559 1171 4631 ποταμός
1188 4557 1318 4630 Ἰλλυρίας,
1334 4559 1366 4620 ὡς
1383 4558 1555 4630 Ἀρτεμίδωρος
1570 4559 1593 4630 β’
1608 4561 1848 4636 Γεωγραφουμένων.

231 4625 333 4694 βουλλιν
347 4627 388 4680 λιν
405 4632 547 4702 οτὲρρονεςς
562 4635 641 4686 Voss.
659 4634 729 4704 conj.
742 4633 928 4705 ἂγχίτερρονες.
948 4638 1019 4690 Con·
1062 4639 1149 4692 Schol.
1159 4636 1399 4708 Apollon.llh.lV‚
1411 4639 1476 4691 1215
1487 4655 1493 4691 :
1504 4637 1566 4700 Τοὶις
1582 4639 1755 4704 Νεσταίους
1773 4643 1851 4697 tat.

230 4707 337 4761 termini
360 4726 423 4762 vero
444 4712 479 4770 ita
499 4723 583 4776 erant,
607 4725 638 4766 ut
658 4712 743 4766 Bulini
762 4733 778 4766 a
801 4714 911 4768 meridie
931 4729 1019 4771 essent
1062 4718 1121 4781 λαξ
1143 4718 1215 4789 φησίν
1238 4717 1306 4779 ἔθνος
1329 4716 1476 4788 Ἰλλυρικόν·
1500 4709 1738 4773 ν’λπότοιίτων
1763 4727 1850 4795 περί-

232 4784 340 4855 Hyllicae
351 4789 473 4856 regionis.
489 4791 524 4842 V.
541 4790 715 4844 insra.Bulini
727 4810 770 4864 ap.
789 4794 899 4863 Dionys.
916 4795 1015 4866 Perieg.
1062 4797 1157 4859 πλους
1179 4797 1262 4850 ἐστίν
1282 4795 1327 4858 εἰς
1348 4795 1403 4849 τὀν
1420 4796 1600 4866 [λίάνιονθ]
1618 4798 1749 4853 κόλπον.
1773 4824 1783 4850 ν
1802 4803 1851 4856 Καὶ

231 4863 283 4936 387
296 4877 424 4919 vocantur
438 4868 582 4940 Βουλιρεῖςς
599 4871 644 4923 ubi
658 4873 811 4924 Eustathius
822 4883 930 4926 annotat
942 4873 1015 4928 haee:
1066 4873 1241 4945 Ἐρατοσθένης
1255 4875 1279 4929 ἐν
1296 4874 1321 4948 γ’
1335 4875 1561 4946 Γεωγραφουμένων
1572 4878 1641 4948 φησί·
1655 4899 1666 4926 ι
1682 4879 1752 4933 Μετὰ
1768 4879 1851 4936 Ἰλλυ-

230 4943 299 5009 (ί)τ,σί
312 4943 451 5015 Βουλιμεῖς,
464 4946 505 5008 οξίς
516 4967 579 5008 τινες
587 4947 627 4999 διὰ
637 4953 680 5000 τοῦ
690 4942 703 5001 ν
715 4949 839 5010 Βουλινεῖς
849 4950 864 5015 ἢ
876 4950 1015 5015 Βουλινοός.
1062 4955 1128 5025 probe
1138 4955 1264 5018 Νεοτοιῖοι,
1275 4955 1329 5026 καθ’
1339 4955 1380 5017 οὓς
1389 4959 1462 5020 νῆσος
1470 4955 1562 5026 Φάρος,
1571 4955 1672 5028 ‘trepton
1682 4959 1691 5032 (
1702 4959 1718 5012 l.
1730 4961 1849 5034 Παρίων)

232 5019 447 5082 Ιλουλινοόςοίὶαιιι
457 5025 586 5096 Scymnus
597 5031 648 5090 404
658 5028 732 5081 dicit.
741 5027 782 5080 (ll.
793 5029 831 5080 St.
840 5029 902 5100 Byr..
913 5046 921 5082 ε
931 5031 1019 5084 Bouhi-
1062 5034 1171 5097 ἄποικος.
1192 5033 1273 5088 Vides
1287 5035 1417 5105 Scylacem
1428 5053 1470 5107 sp.
1483 5036 1565 5089 schol.
1580 5038 1702 5109 Apollon.
1720 5051 1746 5094 et
1757 5043 1850 5114 populi

233 5116 279 5162 νοι,
292 5098 423 5172 ἔθνοςπερί
435 5100 568 5174 Ἰλλυρίαν,
583 5104 788 5177 Ἀρτεμίόωροςδὲ
796 5105 840 5158 oia
850 5105 935 5171 ἔθνος,
950 5109 1018 5164 ἀλλὰ
1063 5107 1172 5167 nomine
1183 5124 1209 5166 et
1223 5113 1308 5166 verbis
1319 5116 1411 5166 ceteris
1423 5133 1483 5168 eum
1499 5116 1604 5186 Periplo
1622 5129 1712 5172 nostro
1726 5120 1795 5174 haud
1814 5123 1851 5176 ita
1886 5167 1910 5181 ,.

231 5176 351 5268 llo-allisas
361 5180 433 5232 πόλιν
445 5183 529 5251 φησιν,
543 5177 572 5248 ἧς
582 5185 610 5236 τὸ
621 5184 715 5238 έθνικόν
728 5186 846 5248 Ιλουλῖνος
858 5227 864 5238 -
875 5187 886 5254 ll
897 5217 933 5250 ’ἡ
944 5188 1017 5241 Ὕλ-
1062 5195 1215 5257 concinere,
1229 5203 1260 5246 ut
1274 5195 1300 5245 in
1313 5195 1428 5263 genuino
1439 5213 1517 5266 opere
1530 5208 1672 5268 exspectes.
1686 5200 1781 5252 Nestus
1797 5202 1849 5254 llu-

232 5254 293 5325 λοι]
302 5257 612 5332 Str-etiarn‘ltpollodorus
623 5264 666 5335 (lr.
679 5282 738 5334 ¹¹9·
748 5266 790 5317 Fr.
801 5266 868 5318 llist.
880 5269 902 5331 l,
913 5285 940 5339 p.
953 5271 1016 5343 451)
1063 5275 1119 5328 vius
1131 5291 1185 5326 esse
1197 5272 1273 5326 dehet
1287 5275 1307 5326 is
1318 5292 1396 5345 quent
1419 5275 1517 5328 'lilium
1528 5288 1621 5330 rorant
1638 5279 1736 5333 Plinius
1747 5283 1795 5346 111,
1812 5288 1848 5348 ω’,
