3950 5925
241 459 275 509 n
761 426 960 493 uaauorus
980 423 1328 489 caarnasrutrasrs
1817 412 1854 491 (a

238 579 325 637 αὐλῶν
338 573 470 652 ἠκούομεν
481 567 626 647 κυμύάλων
639 565 723 624 τεκαὶ
741 562 885 637 τυμπάνων
901 559 1021 635 πάταγον
1066 580 1249 639 panorumque
1258 563 1397 633 strepitum
1414 570 1439 612 et
1449 557 1589 610 clamorem
1604 557 1745 625 ingentem.
1782 553 1854 604 Turn

238 663 283 723 καὶ
302 660 419 742 κραυγὴν
443 656 549 735 μυρίαν.
594 652 684 719 (1)όὸος
704 643 748 711 03t
762 649 856 709 ἷλαὸῐν
870 652 956 725 ἡμᾶς,
975 646 1021 706 καὶ
1067 666 1153 733 terror
1170 672 1218 706 nos
1232 652 1327 704 invasit
1346 660 1372 701 et
1391 658 1462 700 vates
1479 646 1626 716 relinquere
1644 642 1755 696 insulam
1769 640 1855 711 jusse-

239 756 262 810 υἱ
277 751 381 829 μάντεις
393 746 510 807 {advenas
523 742 652 801 ἐκλείπειν
667 739 715 811 τὴν
728 744 817 810 νῆσον.
1066 752 1140 795 runt.

280 860 315 900 ts.
340 835 419 913 Ταχὺ
434 835 456 892 δ’
478 829 666 907 ἐκπλεύσαντες
689 824 908 906 παρημειὸόμιθα
929 821 1020 903 χώραν
1105 827 1146 879 15.
1165 825 1289 879 Celeriter
1311 824 1391 893 igitur
1412 820 1578 889 enavigantes
1600 816 1859 889 praetervebebamur
1951 857 1952 891 μ

239 927 364 1005 διάπυρον
378 920 552 999 θυμιαμάτων
567 915 830 995 μεατ[ήν·μίγιατ]οι
843 914 866 971 δ’
881 915 920 970 ἀπ
941 932 1023 981 uerae
1067 916 1201 984 regionem
1221 914 1329 982 ignitam
1349 908 1560 963 suffimentorum
1570 906 1689 977 plenam,
1706 922 1785 975 equa
1803 922 1860 957 ura·

240 1030 985 1055 .......----—————--———-·-

239 1113 306 1166 quos
324 1095 421 1145 Hanno
435 1089 515 1152 vidit,
531 1085 678 1158 explicandi
694 1087 763 1149 sint,
779 1084 873 1153 sapius
886 1082 935 1134 viri
952 1079 1024 1131 docti
1069 1078 1096 1129 in
1107 1087 1182 1129 terrae
1196 1073 1328 1136 saucibus,
1341 1071 1456 1126 hiatibus
1472 1080 1497 1123 et
1507 1069 1640 1122 canalibus
1651 1078 1796 1120 crescentes
1808 1077 1861 1119 sta·

240 1182 410 1227 monuerunt.
422 1169 512 1221 Verba
521 1166 642 1220 adscribo
650 1165 759 1232 Klugii:
775 1165 888 1215 ‹Petrus
897 1162 1026 1213 Cintraeus
1069 1156 1117 1208 tim
1134 1155 1290 1224 eonipiunt.
1315 1152 1392 1203 Tunc
1408 1150 1441 1203 ab
1460 1148 1540 1201 altera
1562 1148 1690 1200 clivorum
1713 1156 1789 1217 parte
1811 1164 1862 1216 per

241 1251 357 1324 (Piedm
370 1251 402 1302 de
415 1249 505 1301 δίαιτα
523 1249 551 1298 iu
572 1244 721 1299 Cadamosti
735 1241 848 1311 itinere)
872 1241 941 1292 hanc
952 1254 1027 1289 oram
1070 1234 1177 1287 eosdem
1192 1232 1293 1285 canales
1311 1230 1497 1291 devolvuntur,
1519 1229 1546 1279 in
1561 1226 1657 1297 quibus
1669 1244 1737 1296 aqua
1753 1224 1862 1297 delapsa
1953 1242 1954 1245 ¹

240 1340 424 1402 prate-evectus
436 1337 568 1380 nocturno
579 1335 697 1394 tempore
710 1322 859 1391 frequentes
873 1321 945 1387 ignes
959 1319 1028 1369 inter
1071 1323 1142 1377 erat,
1157 1324 1183 1365 et
1195 1330 1226 1364 eo
1238 1310 1346 1363 demum
1360 1310 1418 1362 loen
1430 1308 1642 1374 exstinguuntur,
1660 1305 1705 1357 ubi
1718 1316 1863 1357 montanus

240 1410 347 1461 arbores
358 1418 384 1459 et
396 1408 423 1457 in
435 1408 493 1475 ripa
503 1403 649 1473 conspexit,
660 1418 727 1471 quos
739 1399 830 1452 incolae
839 1397 1027 1459 accenderant,
1072 1392 1168 1444 fluvius
1184 1391 1211 1442 iu
1223 1406 1296 1442 mare
1307 1387 1465 1440 effunditur.
1478 1389 1534 1457 Ego
1550 1386 1686 1457 (Bruceus
1699 1383 1708 1457 )
1723 1402 1792 1455 sape
1810 1384 1863 1435 hoc
1954 1404 1955 1413 ι

243 1498 272 1540 ιιι
283 1484 455 1557 popularibus
466 1484 520 1535 suis
530 1480 682 1552 prodigium
691 1477 826 1549 quoddam
837 1476 947 1547 spectari
959 1474 1028 1527 indi·
1072 1470 1250 1541 spectaculum
1262 1467 1316 1521 vidi
1333 1479 1360 1519 et
1373 1468 1466 1519 viatori
1487 1479 1513 1519 et
1526 1466 1666 1538 peregrino
1684 1464 1731 1516 has
1743 1464 1865 1515 llammas
1955 1540 1956 1545 1

242 1576 340 1619 carent.
352 1567 444 1631 Quum
456 1563 528 1613 enim
540 1559 659 1613 Lusitani
671 1558 774 1626 navigia
785 1556 855 1609 litori
875 1563 1030 1626 promonto·
1072 1549 1165 1622 procul
1179 1548 1290 1600 intuenti
1304 1564 1447 1616 earumque
1456 1564 1560 1599 eausam
1572 1546 1649 1616 plane
1660 1545 1792 1613 ignoranti
1805 1546 1865 1595 siue
1955 1552 1956 1555 ’

242 1646 275 1697 rii
287 1642 388 1707 Viridis
399 1640 568 1712 appulissent,
587 1636 727 1705 Azamaghi
742 1637 888 1689 vicinarum
899 1644 1029 1685 terrarum
1073 1626 1156 1679 dubio
1172 1627 1293 1679 ardentes
1312 1635 1441 1681 torrentes
1460 1636 1603 1695 appareant
1621 1641 1725 1677 necesse
1741 1633 1790 1675 est.
1807 1648 1866 1668 ι-
1956 1668 1957 1695 ³

243 1723 334 1776 incolae
354 1721 521 1774 vehementer
540 1731 641 1772 terrore
661 1717 776 1788 percussi
795 1713 938 1783 fugeruut,
957 1710 1030 1782 quod
1073 1707 1147 1759 Idem
1166 1708 1192 1758 in
1211 1705 1366 1758 occidentali
1387 1704 1482 1757 Africae
1501 1722 1547 1757 ora
1563 1704 1619 1756 fieri
1637 1712 1757 1755 accurate
1774 1715 1866 1757 narrat

244 1821 322 1856 naves
342 1804 534 1871 Europaeorum
555 1797 683 1868 putabant
702 1794 820 1846 volucres
839 1810 894 1844 esse
916 1791 1029 1856 bestias,
1075 1786 1233 1838 Aitaasoaus
1248 1787 1275 1837 in
1294 1786 1387 1837 itincre
1400 1782 1434 1835 ad
1457 1786 1583 1853 Senegam
1600 1782 1668 1835 sacto
1687 1780 1752 1853 (ed.
1768 1783 1864 1833 Germ.
1957 1801 1958 1823 ι

243 1882 308 1934 albis
318 1882 365 1934 alis
375 1882 523 1942 instructas
534 1896 593 1947 quae
605 1875 693 1946 paullo
702 1884 761 1944 post
773 1872 914 1924 contractis
923 1871 1031 1922 navium
1074 1884 1101 1936 p.
1124 1866 1172 1934 193
1190 1865 1210 1936 ).
1226 1862 1345 1917 Eandem
1361 1882 1418 1916 rern
1432 1862 1512 1915 refert
1526 1867 1626 1929 diiungo
1639 1860 1755 1913 Parl't'us
1770 1860 1778 1931 (
1791 1863 1868 1913 [ivise

244 1961 345 2013 velisin
360 1976 428 2011 nova
438 1967 555 2010 monstra
575 1964 680 2008 mutatae
692 1952 845 2004 viderentur
860 1949 916 2019 (V.
931 1948 1034 2014 Abrege'
1074 1947 1473 2015 nrtsdemEagl.lterlin1799,
1488 1965 1514 2018 p.
1530 1948 1581 1999 233
1596 1946 1623 2016 ):
1640 1970 1650 1989 u
1666 1944 1868 2012 Crematiogra-
1958 1963 1959 2015 μ

243 2040 275 2093 de
298 2036 436 2093 I'Hirtot're
458 2034 575 2103 gererale
595 2032 640 2085 des
659 2049 785 2102 vestiges,
806 2040 871 2081 tom.
892 2029 932 2091 11,
952 2045 979 2097 p.
1003 2046 1029 2095 9.
1075 2029 1177 2080 minum
1200 2025 1271 2097 apud
1287 2023 1446 2093 lilandingos
1459 2024 1636 2097 spectaculum
1654 2023 1754 2094 prebet
1767 2026 1870 2093 pariter

244 2120 364 2173 Gosselin
381 2118 400 2170 l.
414 2117 432 2169 l.
448 2134 475 2187 p.
489 2113 553 2187 95.)
567 2140 578 2159 ι
596 2113 670 2165 Idem
685 2130 691 2164 :
709 2137 720 2157 ι
735 2111 838 2162 Nostris
849 2125 956 2178 quoque
968 2117 1033 2159 tern-
1076 2105 1215 2159 horridum
1229 2124 1259 2157 ac
1278 2105 1457 2175 magnificum.
1474 2108 1530 2173 Ego
1546 2103 1633 2156 media
1651 2112 1728 2154 nocte
1746 2102 1869 2173 planitie-

244 2200 354 2271 poribus
367 2198 417 2250 liae
427 2214 481 2249 01·ae
491 2205 565 2265 parte
576 2193 684 2261 aliisque
695 2189 847 2259 regionibus
857 2204 983 2255 maguum
994 2197 1033 2259 est
1076 2204 1136 2239 rum
1147 2195 1172 2237 et
1183 2186 1311 2237 clivorum
1322 2195 1449 2249 tractum,
1462 2183 1550 2254 quoad
1563 2176 1699 2235 oculorum
1711 2184 1779 2233 acics
1789 2200 1869 2252 pene-

245 2278 362 2331 interdiu
373 2276 520 2337 silentium;
531 2272 759 2343 appropinquante
772 2279 859 2321 autem
871 2278 947 2319 nocte
961 2268 1033 2335 ignes
1077 2276 1146 2317 trare
1160 2276 1265 2335 posset,
1281 2266 1358 2333 igneo
1372 2265 1473 2334 fulgore
1488 2264 1663 2316 illuminatum
1675 2259 1744 2325 vidi,
1758 2272 1785 2313 et
1795 2263 1871 2314 ilam-

208 2368 214 2377 “
246 2356 434 2418 ineenduntur‚
448 2364 475 2405 et
486 2371 531 2405 aer
543 2362 729 2421 tympanorum
741 2358 768 2399 et
779 2346 959 2417 cymbalorum
969 2356 1034 2398 stre·
1077 2362 1180 2401 marum
1193 2362 1360 2415 repercussus
1374 2345 1475 2407 effecit,
1489 2354 1520 2397 ut
1533 2342 1628 2395 coelum
1643 2360 1749 2412 quoquc
1759 2342 1871 2411 flagrare

245 2438 306 2507 pitu
319 2434 479 2505 percutitur.
500 2431 573 2499 Nigri
585 2430 656 2481 euim
671 2438 778 2498 propter
790 2426 901 2477 nimium
917 2424 979 2476 solis
993 2444 1034 2477 aa·
1077 2425 1220 2477 videretur.
1241 2423 1361 2477 Interdiu
1381 2442 1507 2495 vaporum
1531 2421 1718 2491 iuniorumque
1738 2420 1872 2474 columnae

245 2516 329 2568 iorem
347 2514 374 2565 in
388 2511 458 2564 silvis
470 2510 587 2579 ensisque
603 2509 766 2578 quiescentes
779 2505 921 2575 incipiente
940 2503 1034 2573 frigida
1078 2502 1199 2572 undique
1211 2503 1450 2573 conspiciebantur,
1464 2513 1489 2555 et
1501 2520 1561 2555 aves
1573 2518 1678 2571 rapaces
1693 2518 1754 2551 curu
1768 2500 1871 2570 impetu

247 2603 324 2645 nocte
337 2590 446 2644 demum
457 2596 601 2655 exsurgunt
614 2596 641 2637 et
654 2602 739 2647 coena,
754 2582 944 2646 saltationibus,
955 2593 1035 2634 cantu
1078 2584 1148 2634 eirca
1159 2582 1280 2635 incendia
1295 2582 1455 2647 volitabant,
1466 2592 1496 2634 ut
1514 2589 1664 2652 serpentes,
1682 2580 1789 2631 laoertas
1802 2592 1872 2633 cete-

246 2672 369 2741 ludisque
391 2668 558 2721 tumultuosis
576 2665 749 2717 delectantur.
772 2661 846 2714 Idem
865 2663 981 2713 Bruteus
1002 2661 1035 2715 de
1078 2678 1175 2730 rosque
1188 2680 1288 2714 rcrmcs
1308 2672 1458 2732 captarent,
1473 2662 1495 2713 si
1512 2679 1565 2731 qua
1580 2679 1612 2712 ex
1629 2660 1741 2711 flammis
1753 2660 1873 2729 effugere

247 2750 390 2820 Sbangallis
403 2747 492 2811 tradit,
506 2763 559 2816 quo
571 2743 708 2797 Hannonis
723 2743 839 2794 narratio
849 2741 916 2794 bene
926 2741 1036 2794 illustra·
1079 2753 1249 2795 conarentur.
1266 2768 1276 2788 ι
1292 2744 1352 2794 Ηιιε
1363 2742 1476 2811 pertinet
1496 2760 1603 2812 quoque
1621 2740 1800 2793 memorabilis
1812 2760 1873 2793 nar·

248 2842 302 2894 tur,
316 2840 343 2882 et
359 2828 438 2881 aliam
459 2843 563 2878 causam
584 2822 674 2886 addit,
692 2838 741 2873 cur
764 2829 896 2873 nocturno
918 2831 1036 2891 tempore
1080 2825 1162 2886 ratio,
1176 2840 1234 2893 quae
1245 2820 1271 2873 in
1284 2820 1507 2875 Winterbottomi
1518 2819 1695 2890 descriptione
1705 2821 1797 2871 Sienar
1806 2823 1874 2871 iro-

248 2910 378 2981 imprimis
390 2918 429 2960 tot
442 2908 514 2976 ignes
534 2901 717 2956 incendantur.
737 2903 828 2968 Quum
844 2902 916 2953 enim
938 2900 1037 2953 seroces
1080 2920 1121 2953 uae
1135 2901 1182 2973 (p.
1197 2920 1231 2972 7⁰
1248 2919 1315 2953 vers.
1329 2898 1442 2970 Germ.)
1458 2900 1571 2970 iegitur:
1597 2923 1608 2943 ι
1621 2899 1791 2952 Auctumnali
1806 2911 1874 2952 tern-

248 2990 344 3044 africa
366 2988 454 3040 bestiae
474 2995 555 3037 noctu
573 3001 606 3036 ex
626 2983 709 3034 antris
724 2991 751 3033 et
769 2980 899 3051 speluncis
920 2981 1036 3051 pradum
1080 2999 1145 3053 pore
1168 2981 1285 3052 undique
1298 2983 1367 3051 ignei
1382 2999 1491 3052 vapores
1512 2980 1694 3033 columnarum
1709 2981 1792 3033 instar
1806 2981 1875 3032 cerlo

248 3079 364 3139 capturae
376 3064 553 3136 egrediantur,
576 3062 646 3114 nulla
663 3061 713 3114 alia
726 3079 756 3113 re
775 3061 926 3129 agregibus
944 3062 1038 3130 Nigro-
1080 3073 1225 3131 exsurgunt
1235 3072 1260 3113 et
1273 3071 1353 3114 noctu
1365 3062 1448 3113 nubes
1458 3060 1559 3130 fulgore
1570 3059 1652 3112 rubro
1661 3059 1788 3112 relucent.
1801 3063 1876 3130 Smpc

249 3163 309 3199 rum
323 3157 350 3198 et
362 3155 497 3216 pastorum
512 3142 631 3194 tentoriis
644 3141 728 3193 areeri
742 3149 852 3210 possunt
869 3156 948 3209 quam
963 3139 1037 3192 llam
1081 3143 1200 3210 gramina
1210 3152 1270 3193 octo
1283 3139 1362 3210 pedes
1378 3140 1429 3193 alta
1443 3150 1469 3192 et
1489 3139 1551 3192 solis
1566 3138 1661 3191 ardore
1672 3138 1794 3210 perarida
1807 3139 1875 3192 sacta

249 3225 300 3277 mis
310 3224 427 3293 undique
439 3221 604 3274 micantibus.
618 3245 629 3265 ι
1082 3220 1121 3274 vel
1134 3220 1167 3272 ab
1180 3220 1271 3272 incolis
1286 3217 1467 3272 incenduntur
1489 3218 1529 3270 vel
1542 3236 1589 3271 sua
1605 3229 1699 3288 sponte
1711 3220 1797 3287 iguem
1811 3239 1876 3271 ειιιι-

285 3307 301 3372 5
319 3303 360 3356 15.
377 3302 521 3367 Μεατήν·
539 3301 705 3370 μέγισται]
724 3297 809 3368 μεστοὶ
825 3295 917 3349 codex.
935 3298 1039 3350 Fortas-
1082 3300 1201 3370 cipiunt,
1214 3298 1289 3368 cujus
1300 3299 1411 3351 flammae
1423 3295 1570 3350 incredibili
1585 3297 1720 3358 velocitate
1732 3307 1814 3366 atquc
1827 3300 1877 3350 im-

250 3384 285 3435 sis
297 3382 390 3435 leniori
408 3397 489 3433 manu
506 3380 601 3448 corrigi
622 3388 698 3448 putes
718 3374 859 3428 scribendo
872 3375 1039 3446 θυμιαμάτων
1082 3389 1145 3449 petu
1159 3379 1208 3432 late
1218 3378 1402 3431 effunduntur.
1417 3380 1508 3445 Quum
1524 3377 1604 3446 igitur
1611 3377 1696 3429 viator
1705 3377 1768 3430 tales
1783 3379 1876 3446 igneos

250 3460 278 3513 δὲ
300 3459 394 3532 μεστοὶ.
419 3461 476 3528 Ego
498 3458 583 3526 legere
606 3457 695 3509 malim
712 3456 844 3525 διαπύρων.
867 3455 1039 3524 Improbandi
1083 3469 1213 3512 torrentes
1225 3459 1275 3512 sibi
1290 3460 1395 3511 obviam
1407 3457 1464 3510 fieri
1478 3457 1564 3522 videt,
1578 3457 1629 3514 hoe
1643 3458 1789 3528 periculum
1804 3459 1876 3510 nulla

253 3550 343 3592 autem
355 3537 479 3592 videntur
490 3537 537 3606 qui
549 3554 611 3588 cum
623 3536 713 3604 Hugio
723 3535 955 3606 phoenicissantem
976 3551 1039 3601 grae·
1083 3538 1132 3590 alia
1149 3541 1251 3590 ratione
1265 3538 1381 3607 effugere
1394 3547 1495 3608 potest,
1506 3554 1587 3606 quam
1599 3545 1629 3588 ut
1644 3535 1730 3604 ignem
1746 3537 1876 3588 conilirtu

251 3618 357 3669 citatem
374 3615 515 3669 odorantes
533 3613 609 3684 jungi
630 3613 723 3665 volunt
743 3614 859 3682 διάπυρον
880 3613 1039 3682 θυμιαμάτων
1083 3615 1200 3688 lapidum
1211 3617 1297 3669 eliciat
1308 3627 1334 3669 et
1341 3617 1375 3669 ab
1394 3615 1503 3668 adversa
1514 3625 1588 3685 parte
1600 3615 1716 3684 granrina
1730 3613 1877 3667 incendens

254 3696 336 3766 (cine
354 3714 404 3746 tun
424 3691 642 3764 Rituclrdaempsen
664 3691 835 3758 darchgldlrte
852 3691 956 3758 Grgend
972 3693 1040 3745 Klu·
1084 3695 1203 3748 flammas
1221 3695 1334 3748 dammis
1346 3694 1457 3766 depellat
1469 3695 1591 3765 viamque
1611 3693 1660 3745 sibi
1680 3693 1792 3747 muniat.
1811 3695 1876 3745 νΕκ

252 3776 310 3842 gius
327 3775 403 3826 vertit
418 3772 439 3843 ),
450 3781 528 3841 atque
541 3773 629 3841 μεστὸν
646 3771 745 3841 absque
755 3771 869 3839 genitivo
882 3772 909 3822 in
921 3773 1041 3841 prosaico
1085 3775 1133 3827 hac
1147 3775 1321 3845 explicatione
1333 3776 1411 3826 etiarn
1425 3773 1580 3842 intelligitur
1591 3790 1643 3842 qua
1656 3781 1810 3842 tempestate
1825 3772 1877 3824 hoc

252 3855 381 3924 scriptore
401 3851 462 3903 lerri
477 3868 553 3920 posse
564 3851 604 3903 vel
622 3861 692 3904 certe
709 3869 742 3902 εκ
761 3850 916 3903 Pboenicum
939 3851 1042 3921 loquela
1084 3855 1135 3907 iter
1144 3865 1295 3925 susceptum
1305 3855 1352 3918 sit,
1364 3871 1448 3924 quum
1460 3863 1604 3906 auctumno
1612 3851 1747 3921 AEthiopes
1757 3853 1876 3920 gramina

252 3928 433 3983 excusandum
450 3938 644 3981 essestatuunt.
666 3931 702 3981 At
722 3928 750 3980 b.
765 3927 783 3980 l.
799 3929 867 3980 sicut
879 3932 893 3996 §
907 3933 934 3992 ά,
950 3936 993 3994 16,
1010 3935 1041 3986 ι8
1086 3933 1229 3986 incendant
1244 3933 1277 3986 ad
1290 3951 1366 4002 agros
1380 3931 1549 4003 impendente
1561 3941 1617 3982 turn
1635 3930 1724 4000 pluvia
1737 3929 1877 3984 fertiliores

255 4009 343 4080 μεστὸς
362 4027 412 4061 vox
425 4009 540 4077 genitivo
557 4009 649 4077 nequit
667 4025 766 4059 carere.
779 4006 928 4078 θυμιάματα
942 4027 995 4062 non
1009 4010 1042 4064 de
1085 4012 1247 4078 reddendos3
1270 4012 1343 4083 quod
1362 4022 1466 4082 tempus
1485 4010 1597 4064 coloniis
1618 4008 1763 4062 condendis
1779 4029 1877 4081 oppor-

254 4089 329 4142 i'umo
343 4099 456 4151 tantum,
469 4086 516 4139 sed
534 4087 568 4138 de
586 4085 661 4139 furno
676 4085 739 4138 odor
746 4086 810 4138 ilero
820 4087 969 4156 plantarum
989 4089 1041 4143 sra-
1085 4093 1254 4144 tunissimurn
1274 4103 1338 4144 erat.
1359 4092 1515 4144 Ceterorum
1532 4099 1769 4141 commentatorum
1793 4091 1877 4160 expli-

253 4170 387 4238 gtantium
401 4167 536 4235 intelligas.
552 4167 674 4236 Denique
687 4164 774 4235 ῥύακας
787 4165 844 4217 illos
858 4167 962 4235 igneos,
975 4185 1042 4238 quos
1086 4170 1201 4221 cationes
1222 4167 1385 4239 dijudicandi
1407 4169 1516 4221 hicnon
1538 4179 1577 4220 est
1597 4166 1681 4220 locus.
1701 4167 1791 4221 Plures
1805 4172 1876 4222 euim

254 4267 303 4320 per
324 4258 449 4318 quattuor
466 4245 522 4298 dies
544 4247 790 4317 praeternavigantes
815 4245 1042 4315 Carthaginienses
1086 4251 1202 4320 πυρώδεις
1220 4249 1307 4320 ῥύακας
1320 4251 1399 4302 maris
1419 4245 1586 4318 splendorem
1601 4265 1657 4298 esse
1672 4258 1780 4318 putant,
1802 4251 1877 4318 quia

254 4328 467 4399 conspiciebant,
482 4326 1041 4393 uonessemontisignivomi,utnonuulli
1086 4329 1233 4382 lucentibus
1256 4331 1352 4400 partim
1377 4327 1511 4380 vermibus
1533 4327 1640 4380 marinis
1661 4338 1687 4379 et
1705 4328 1876 4392 animalibus,

255 4411 355 4481 opinati
367 4419 444 4472 sunt,
455 4419 548 4478 sponte
562 4418 642 4478 patet.
659 4407 818 4460 Aeomnino
832 4423 910 4457 nemo
923 4423 1042 4476 unquam
1086 4409 1181 4478 partim
1196 4407 1372 4460 abal'sectibus
1380 4409 1425 4477 qui
1434 4406 1467 4458 ab
1479 4405 1575 4459 electro
1581 4417 1608 4459 et
1616 4405 1768 4477 phosphore
1780 4425 1877 4459 nomen

255 4498 359 4540 montes
371 4488 517 4556 ignivomos
531 4485 571 4538 vel
582 4503 675 4538 eorum
685 4485 792 4552 vestigia
803 4485 829 4535 iu
842 4484 882 4535 his
892 4486 1043 4554 regionibus
1088 4488 1196 4551 habent,
1208 4489 1317 4540 oriatur.
1326 4486 1390 4540 Vid.
1399 4491 1426 4540 Ι.
1439 4489 1470 4538 li.
1482 4489 1601 4538 Forsters
1610 4485 1797 4552 Bernerlungcn
1804 4505 1831 4557 p.
1846 4491 1878 4538 52

255 4567 480 4619 commemoravit.
499 4568 566 4633 Quae
583 4583 624 4617 res
642 4565 676 4616 sit
688 4563 763 4616 multi
784 4575 959 4628 rnonuerunt3
977 4566 1046 4618 inter
1090 4584 1160 4636 sqq.;
1174 4568 1245 4619 Kant
1257 4567 1336 4636 Phys.
1357 4570 1448 4633 Gengr.
1467 4563 1510 4616 ed.
1524 4563 1652 4616 Vollmer.
1672 4575 1738 4617 tom.
1760 4568 1788 4630 Ι,
1802 4584 1830 4636 p.
1848 4583 1873 4618 ιι

256 4662 324 4713 quos
342 4645 378 4696 ita
398 4643 478 4696 habet
496 4643 608 4711 Illugius
632 4645 799 4694 :1Bruceus
826 4641 872 4710 (v.
891 4642 984 4695 Κοίνου
998 4662 1047 4696 zur
1090 4663 1160 4715 sqq.;
1175 4647 1256 4717 Spisii
1276 4657 1302 4698 et
1315 4647 1403 4698 Martii
1415 4645 1477 4696 Itin.
1492 4643 1582 4695 Brasil.
1597 4647 1705 4696 Attunc
1715 4645 1812 4696 llanno
1825 4656 1877 4698 tor-

257 4722 429 4787 Entdccivmg
441 4721 468 4773 d.
482 4721 587 4787 Qnellcn
597 4720 643 4773 des
655 4720 717 4773 n'tts
732 4720 781 4771 mit
791 4723 870 4772 Αιιιιι.
890 4739 914 4772 υ.
926 4721 1046 4774 Bluurcn·
1090 4734 1177 4776 rentes
1200 4725 1315 4776 marinos
1331 4725 1421 4792 igneos
1443 4723 1639 4792 transnavigare
1658 4720 1785 4788 debebat,
1805 4723 1877 4793 quod

258 4803 334 4854 neca.
346 4813 410 4854 ιιιιιι.
421 4803 457 4864 ll,
474 4818 501 4870 p.
514 4801 564 4861 545
575 4799 584 4871 )
597 4801 652 4852 bare
666 4797 746 4851 refert
765 4815 770 4848 :
787 4822 797 4842 ·
815 4798 949 4869 AEtlriopes
960 4802 1044 4854 Sban·
1090 4820 1144 4854 iton
1159 4804 1194 4855 ita
1208 4814 1255 4854 est.
1273 4803 1480 4855 Malta-Bruuius
1503 4812 1577 4872 putat
1592 4802 1641 4854 hos
1658 4803 1774 4872 πνμῖιεις
1791 4801 1879 4872 ῥύακας

257 4880 316 4948 galli
332 4879 425 4933 Africae
435 4879 577 4948 graminea
590 4879 650 4930 solis
659 4876 740 4929 radiis
749 4887 839 4929 exusta
852 4878 1008 4944 intendunt,
1019 4893 1045 4936 et
1090 4881 1156 4933 ueris
1166 4880 1245 4933 fuisse
1255 4880 1445 4951 phantasmata,
1457 4881 1527 4932 aeria
1540 4881 1723 4950 phaenomena,
1734 4891 1758 4932 et
1770 4899 1878 4950 magrms

259 4959 286 5012 hi
297 4960 368 5027 ignes
377 4957 661 5010 incredibilitcleritate
667 4967 745 5026 atque
755 4957 853 5026 impetu
861 4975 941 5028 supra
950 4959 1045 5014 antee
1090 4959 1147 5012 illos
1158 4959 1267 5012 ellectus
1283 4961 1350 5012 aeris
1364 4959 1417 5012 sole
1432 4959 1601 5022 inflammati,
1618 4959 1714 5028 quibus
1727 4961 1842 5013 tonitrua
1853 4973 1878 5014 et

259 5035 422 5090 latitudinem
444 5035 633 5100 extenduntur,
653 5047 680 5088 et
697 5036 752 5087 loca
770 5053 881 5105 quaeque
899 5037 1043 5102 invadunt,
1090 5037 1191 5107 l'ulgura
1199 5041 1334 5091 orirentur
1343 5039 1371 5090 iu
1378 5037 1528 5102 montibus,
1541 5041 1586 5108 qui
1598 5038 1791 5106 ignivnmorum
1804 5059 1878 5091 ιιυιιι-

260 5113 1044 5187 ubiensictatainvenianturgraminaetsruticetn.Postquam
1091 5123 1157 5168 tlutu
1172 5118 1283 5188 speciem
1304 5127 1367 5168 tunc
1383 5117 1555 5188 praebuissent
1564 5138 1572 5182 ;
1591 5117 1731 5187 θυμιάματα
1744 5129 1832 5170 autem
1845 5123 1878 5170 si-

260 5195 466 5248 llarntnaeorunia
474 5205 596 5265 quaesunt
604 5194 679 5247 aritia
687 5198 713 5246 in
723 5197 822 5266 catupis
830 5209 1043 5262 consumserunt,
1090 5195 1213 5265 gniliuuu
1222 5196 1317 5249 <nistros
1329 5197 1424 5248 ilerum
1434 5194 1580 5266 fragrantes·
1588 5198 1745 5268 spirantium
1756 5209 1780 5249 et
1793 5200 1878 5267 tigrum

260 5271 293 5325 ad
309 5274 438 5325 ritutitium
456 5275 593 5326 cacumina
613 5273 757 5326 wecridunt
775 5285 800 5327 ct
816 5276 927 5347 reliquas
945 5277 1045 5348 planitas
1091 5275 1298 5341 simillimorum,
1314 5293 1427 5346 quorum
1443 5278 1470 5328 iu
1480 5276 1520 5330 his
1534 5277 1684 5348 regionibus
1697 5295 1790 5346 magna
1803 5279 1877 5348 copia
