3950 5925
269 441 307 491 sa
823 431 1007 493 SCYLAClS
1029 432 1326 494 cxut'tnnsnsm
1779 436 1882 515 (mss.)

268 560 404 642 teeqpltn
425 559 536 619 ἐνταῦθά
556 562 633 636 lim,
655 558 737 618 ἄλλω
756 557 783 618 ll
806 561 941 649 ρῦδαμνῧ,
965 559 997 618 ἂν
1014 560 1051 637 μί.
1097 574 1159 626 binc
1179 580 1320 643 exportatae
1340 570 1448 634 fuerint,
1471 588 1601 643 nusquam
1617 575 1796 644 reperiuntur.
1835 578 1886 628 Pa-

268 651 384 709 ίντίῦίίιν
399 647 554 727 liupoton.
595 650 639 726 Τῇ
653 647 681 705 δὲ
694 647 774 727 λίμνῃ
790 647 874 727 ταύτῃ
889 647 972 725 ὄνομα
989 651 1050 720 Κη-
1095 661 1151 713 ludi
1166 662 1227 714 huic
1241 678 1337 714 nomen
1359 660 1498 731 Cephesiss
1518 662 1713 734 (Cephisias),
1733 664 1804 717 sinui
1821 684 1885 718 vero

268 735 469 817 φηῦῑίςςτῷδί
485 736 577 814 κόλπῳ
597 734 701 805 Κώης·
742 734 823 795 'Em
843 736 870 794 δὲ
885 735 1050 816 Ἡρακλείων
1095 748 1193 802 Cotes:
1212 757 1251 800 est
1264 758 1351 799 autem
1366 748 1393 799 in
1404 746 1562 800 intermedio
1577 748 1766 803 Columnarum
1783 752 1886 804 llereu-
1957 810 1958 821 2

268 825 372 895 στηλῶν
388 823 432 881 καί
456 822 587 900 Ἑρμαίας
599 822 681 902 ἄκρας
695 824 721 880 ix
736 824 774 903 τῷ
793 822 901 901 μεταξύ.
944 822 1008 884 ’Λπὸ
1022 824 1049 883 dl
1095 834 1126 886 lis
1137 845 1163 887 et
1174 834 1288 887 Hermaei
1302 834 1487 905 promontorii.
1508 834 1610 888 Abboc
1619 836 1741 889 Hermaeo
1754 854 1885 907 promon·
1957 824 1958 827 ί

268 914 316 982 τῆς
325 909 459 990 Ἐρμαίας
471 909 554 990 ἄκρας
568 908 671 988 ἕρματα
684 908 794 968 τέταται
813 911 933 989 μεγάλα,
950 909 1004 969 ἀπὸ
1019 909 1050 983 δὴ
1095 922 1164 973 torio
1177 922 1264 989 magni
1277 918 1456 973 extenduntur
1467 920 1577 991 scopuli,
1593 920 1656 974 inde
1668 938 1684 974 a
1699 921 1783 993 Libya
1795 924 1885 978 Euro-

267 1003 315 1070 τῆς
338 997 438 1070 Λιόιίης
458 998 500 1056 ἐπὶ
518 996 566 1069 τὴν
589 997 731 1077 Εὐρώπην,
753 1000 803 1078 οὐχ
824 1000 984 1078 ὑπερέχοντα
1005 1004 1051 1069 τῆς
1095 1026 1156 1079 pam
1171 1024 1269 1070 versus,
1284 1024 1339 1059 non
1357 1008 1531 1060 eminentese
1547 1006 1679 1073 fluctibus,
1695 1026 1885 1081 nonnusquam

222 1103 225 1108 ’
267 1086 405 1157 θαλάττης
418 1085 550 1154 ἐπικλύζει
566 1084 594 1144 bl
608 1085 649 1145 in’
663 1084 730 1145 αότίι
743 1088 847 1166 ἐνιαχῆ.
890 1085 1008 1147 Τέταται
1022 1086 1050 1146 δέ
1096 1094 1229 1149 tamenab
1244 1094 1276 1146 iis
1290 1092 1429 1146 verberati.
1465 1092 1596 1146 Tenditur
1606 1094 1648 1147 illa
1659 1095 1887 1167 scopulorumtae·

266 1173 297 1232 τὸ
308 1170 376 1251 ἕρμα
385 1172 429 1231 ini
442 1172 533 1253 ἑτέραν
547 1174 629 1254 ἄκραν
639 1177 685 1244 τῆς
697 1175 827 1253 Εὐρώπης
838 1173 868 1233 τὸ
882 1174 1050 1254 καταντικρύ·
1096 1182 1141 1236 nia
1149 1178 1258 1235 adalind
1265 1181 1378 1250 Europae
1383 1181 1596 1250 promontorium
1602 1182 1723 1235 Hermaeo
1729 1182 1882 1237 adversum.

267 1261 340 1341 τῇδὲ
355 1260 423 1342 ἄκρᾳ
438 1261 521 1339 ταύτῃ
537 1260 619 1339 ὄνομα
634 1260 716 1341 Ἱερὸν
729 1261 901 1343 ἀκρωτήριον.
945 1260 1009 1322 ’Λπὸ
1023 1262 1051 1322 δὲ
1094 1271 1212 1322 Vocatur
1223 1277 1309 1320 sutem
1322 1264 1349 1317 id
1360 1267 1574 1338 promontorium
1583 1267 1701 1320 Sacrum.
1740 1272 1803 1323 Post
1815 1272 1883 1323 ller-

267 1354 315 1421 τῆς
333 1348 464 1429 Ἑρμαίτς
492 1348 575 1428 ἄκρας
600 1347 807 1426 ποταμός’ίττιν
831 1350 939 1421 Ἄνίδης·
967 1349 1051 1421 ἐξίησι
1094 1374 1191 1411 maeum
1213 1355 1425 1427 promontorium
1446 1354 1542 1407 lluvius
1564 1364 1602 1407 est
1625 1355 1733 1409 Anides.
1771 1358 1884 1426 Egredi-

268 1434 296 1494 δὲ
309 1427 382 1502 οὗτος
397 1438 433 1503 τίς
446 1435 542 1513 λίμνην
555 1436 684 1513 μεγάλην.
729 1435 805 1497 Μετὰ
816 1435 843 1495 δέ
859 1437 959 1509 ’Λνίδην
972 1427 1048 1516 (εἶτά)
1096 1454 1141 1497 tur
1160 1442 1204 1495 bic
1223 1443 1251 1495 in
1272 1440 1358 1494 lacum
1379 1458 1515 1511 magnum.
1552 1442 1615 1493 Post
1635 1442 1739 1496 Aniden
1754 1443 1885 1496 astallus

267 1525 337 1583 ἐστιν
360 1523 439 1592 οίλλος
459 1526 577 1602 ποταμός
598 1525 679 1603 μέγας
695 1524 772 1593 Λίξος
796 1525 841 1584 καί
864 1524 939 1592 πόλις
953 1524 1051 1587 Φοινί-
1095 1530 1192 1583 fluvius
1216 1546 1327 1599 uragnus
1362 1528 1444 1581 Lixus
1466 1536 1493 1580 et
1518 1528 1673 1582 Phoenicum
1705 1531 1769 1583 urbs
1802 1532 1886 1583 Lixus

268 1635 321 1670 κων
342 1610 430 1684 Λίξος,
447 1612 492 1671 καί
512 1611 588 1694 ίτέρα
608 1612 683 1681 πόλις
703 1612 811 1674 Λιόύων
833 1613 888 1673 ἐστὶ
907 1612 989 1694 πέραν
1006 1618 1050 1673 τοῦ
1096 1617 1197 1689 aliaque
1211 1617 1273 1671 urbs
1293 1616 1407 1689 Libyum
1427 1615 1495 1669 ultra
1508 1616 1619 1671 fluvium
1639 1628 1693 1684 est,
1713 1637 1776 1672 cum
1790 1630 1885 1691 penu.

267 1823 383 1877 Achaico
398 1823 480 1877 lluvio
496 1820 530 1875 ad
550 1822 646 1876 Atria
663 1840 769 1894 quoque
781 1824 890 1877 fluvium
902 1782 1055 1877 translslum
1099 1819 1224 1873 Hercules
1234 1859 1243 1882 ,
1254 1821 1273 1870 Ι
1273 1830 1312 1870 ter
1329 1828 1359 1869 ut
1365 1829 1471 1889 pateret
1482 1816 1569 1885 facile
1580 1818 1689 1891 captiuo
1699 1820 1794 1887 gregi..
1804 1806 1890 1887 'Qum

267 1920 323 1954 esse
340 1903 458 1970 coarguit
476 1901 574 1955 sociata
592 1902 615 1954 ei
632 1899 723 1971 Sicyon
736 1902 810 1955 urbs.
833 1900 976 1969 Quodnam
993 1902 1055 1955 sub·
1099 1902 1198 1953 Herma
1209 1916 1289 1970 porro
1300 1908 1325 1951 et
1338 1898 1461 1951 Herculis
1473 1897 1573 1951 dictrmt
1584 1898 1632 1951 vin
1642 1898 1834 1971 ,Amphipolis
1848 1920 1890 1951 ur·

267 1983 300 2033 sit
320 1980 360 2032 bis
383 1981 538 2033 Graecorum
555 1990 737 2033 commentum
756 1998 811 2033 non
824 1998 924 2051 quaero.
937 1982 1056 2034 Fortasse
1100 1978 1141 2031 tis
1160 1976 1245 2031 incola
1256 1980 1398 2029 Euctemon
1411 1976 1469 2040 uit,
1483 1980 1543 2030 Non
1556 1976 1726 2049 pluslabcrc
1742 1977 1889 2044 longitudi-

268 2058 363 2112 llln'cre
387 2058 556 2128 meleagrides
571 2077 647 2122 aves,
666 2060 805 2131 cultusque
815 2059 943 2130 ¹Meleagri
954 2078 999 2131 sp.
1017 2061 1056 2114 Si·
1099 2055 1142 2108 nis
1165 2053 1245 2108 Modo
1264 2072 1343 2127 quum
1359 2054 1535 2126 porriguntur
1552 2065 1655 2107 centum
1672 2066 1698 2107 ct
1717 2067 1776 2108 octo
1801 2057 1890 2109 millio

267 2138 375 2208 cyonios
393 2136 484 2208 (apud
498 2156 565 2207 quos
579 2138 693 2203 hastam,
706 2156 760 2208 qua
775 2156 869 2210 aprum
880 2138 1054 2203 interiecerat,
1100 2136 1111 2202 (
1119 2136 1169 2197 864
1184 2132 1252 2187 sud.
1263 2139 1284 2203 ).
1299 2131 1341 2186 Cf.
1360 2131 1453 2185 Suidas
1467 2150 1493 2187 ν.
1507 2132 1618 2203 ἕρματας
1638 2133 1706 2186 Mela
1716 2136 1744 2199 1,
1762 2135 1796 2199 5;
1816 2136 1888 2189 Plin.

268 2216 346 2269 beros
355 2217 528 2280 consen-evit,
534 2218 645 2269 Pnussn.
654 2219 690 2281 11,
702 2218 729 2283 ό,
738 2220 777 2286 8),
786 2219 977 2288 nominumque
984 2234 1056 2287 quae-
1099 2214 1149 2278 111,
1166 2230 1192 2277 ις
1207 2211 1319 2266 Diodor.
1331 2213 1381 2276 IV,
1400 2212 1431 2265 18
1441 2230 1448 2275 ;
1459 2212 1555 2265 Seneca
1568 2213 1646 2265 llere.
1658 2211 1710 2266 lur.
1724 2214 1795 2282 α37ς
1816 2215 1891 2267 Stra·

268 2293 330 2347 (ίιιιιι
343 2296 503 2365 punicorum
518 2293 663 2347 similitudo
677 2297 722 2364 (v.
736 2306 793 2349 not.
808 2299 889 2367 sqq.)
907 2313 998 2348 ansam
1010 2293 1056 2348 de·
1100 2289 1167 2355 bol,
1177 2307 1205 2362 p.
1223 2292 1255 2345 52
1265 2310 1272 2355 ς
1284 2289 1404 2344 Gosselin
1417 2289 1578 2355 lieclterclrct,
1590 2301 1641 2344 etc.
1656 2293 1705 2357 IV,
1719 2309 1748 2363 p.
1758 2309 1791 2358 ²3
1804 2292 1891 2347 leert

268 2372 338 2426 derit
349 2372 501 2443 hujusmodi
514 2372 700 2445 geogritpbiam
714 2374 901 2443 concinnandi.
916 2375 927 2443 ΙΙ
943 2405 979 2415 -
997 2373 1057 2426 ίίώ-
1101 2372 1193 2437 Geogr.
1209 2370 1252 2434 11,
1269 2372 1407 2440 1,p.208.
1422 2370 1484 2423 251.
1498 2370 1558 2439 11-
1572 2368 1768 2443 ’ΛνίδηςῙτίο
1784 2370 1889 2439 codex,

269 2454 341 2523 της]
361 2453 501 2506 Ptolemaeo
520 2455 570 2519 IV,
588 2471 600 2506 1
621 2473 650 2526 p.
672 2458 724 2523 τίς
743 2454 827 2522 Ιίώτης
839 2465 878 2508 est
896 2453 1057 2506 hodiernum
1100 2447 1166 2502 editt
1188 2448 1318 2510 ἄνιόοςᾸιι
1330 2465 1403 2519 seqq.
1415 2465 1465 2518 pro
1477 2445 1580 2515 Ἀνίδην,
1592 2446 1888 2504 εἷταοοτίοιιᾶνιδίευτα.

271 2536 327 2604 Cup
338 2532 460 2605 spartei,-
478 2533 542 2585 item
556 2532 678 2586 Straboni
691 2535 781 2599 xvn,
795 2551 824 2605 p.
840 2534 905 2597 825,
920 2533 969 2585 nisi
983 2532 1057 2603 quod
1100 2528 1210 2599 Polybio
1229 2546 1272 2599 ap.
1295 2528 1363 2581 Plin.
1380 2529 1416 2594 V,
1441 2544 1451 2579 1
1477 2529 1624 2599 appellatur,
1643 2530 1753 2583 Amtis.
1775 2534 1800 2583 A
1819 2531 1891 2585 loeto

269 2610 437 2682 ispluraliter
453 2610 519 2663 dicit
538 2610 582 2673 τὰς
599 2611 697 2675 ίίώτεις.
712 2614 816 2665 Nomen
834 2614 960 2684 punicum
974 2630 1057 2681 graeee
1100 2606 1232 2660 Gaditano
1245 2605 1279 2659 ad
1292 2602 1389 2660 Lixum
1400 2624 1456 2659 esse
1469 2605 1534 2661 dicit
1548 2624 1597 2660 ιιι
1607 2608 1684 2674 ιιιίίί.,
1699 2608 1805 2661 bincad
1815 2614 1890 2663 Ana-

270 2690 349 2743 vertit
358 2689 427 2743 Mela
440 2691 463 2755 1,
476 2689 491 2741 5
508 2705 514 2741 :
529 2692 613 2762 Caput
626 2702 704 2762 atquc
716 2690 852 2744 exonlium
863 2702 1057 2763 estpmmonto·
1100 2685 1139 2739 lin
1153 2687 1204 2739 205
1217 2685 1293 2751 mitt,
1308 2686 1371 2738 binc
1385 2683 1419 2737 ad
1433 2686 1565 2740 Atlantem
1586 2687 1637 2751 485
1650 2686 1729 2740 millis
1741 2704 1810 2759 pass.
1825 2690 1891 2742 Haec

270 2763 420 2839 τίιιιιιριιοιί
430 2766 517 2820 Groeci
535 2768 716 2840 Ampelusirm
726 2809 734 2834 ,
755 2768 821 2838 Afri
835 2769 916 2823 aliter
931 2768 1057 2823 sedidem
1101 2782 1203 2819 summe
1218 2765 1283 2820 mill.
1302 2765 1355 2818 802
1372 2766 1429 2817 sive
1439 2764 1584 2818 stadiorum
1608 2770 1677 2830 6816
1696 2774 1736 2819 est
1756 2784 1811 2819 orae
1830 2766 1889 2820 lon·

269 2845 435 2917 significante
445 2846 573 2899 uocabulo
586 2846 731 2920 appellant.
753 2873 764 2893 ι
776 2849 844 2901 Puto
855 2848 951 2900 Poenos
968 2848 1056 2920 appel·
1100 2843 1192 2913 gitudo
1209 2843 1301 2898 alreto
1317 2860 1400 2915 usque
1416 2841 1451 2896 sd
1462 2842 1611 2910 desertum,
1629 2843 1663 2898 ad
1681 2844 1753 2915 quod
1767 2854 1890 2899 extrema

269 2923 334 2978 lasse
345 2940 424 3020 amp,
438 2923 526 2994 Kotes,
543 2926 561 2979 i.
574 2943 599 2980 e.
613 2929 657 2979 τοῦ
667 2932 815 2999 τρυγῶντας,
828 2926 1027 2982 vindemiantis.
1042 2950 1057 2974 r
1100 2924 1211 2978 Atlantis
1228 2922 1290 2995 juga
1304 2922 1438 2977 desinunt.
1452 2924 1491 2977 Ex
1513 2922 1606 2977 iisdem
1617 2925 1754 2992 ¹mensur-is
1773 2923 1891 2978 efficitur

270 3006 408 3058 Βοτιωτ.
421 3004 463 3058 Cl.
476 3007 591 3060 Movers.
611 3009 652 3072 11,
669 3025 697 3078 p.
719 3008 780 3077 ⁵²9·
792 3009 889 3061 Totum
911 3009 1057 3062 verohnnc
1100 3003 1544 3058 Anatinlluviumessebodiernum
1554 3003 1891 3072 Ommcrbinmtmetomo-

269 3093 382 3137 tractum
392 3081 478 3151 ίίόιτης
491 3083 648 3156 appellatum
661 3104 717 3139 esse
731 3098 826 3158 praeter
836 3088 963 3141 Nostrum
977 3105 1057 3140 nemo
1100 3093 1163 3136 nent
1177 3083 1329 3138 Gosselinus
1339 3085 1362 3148 Ι,
1375 3102 1403 3155 p.
1422 3099 1471 3137 ua
1483 3093 1509 3135 et
1519 3085 1673 3158 Mannertps
1684 3084 1719 3148 X,
1733 3099 1760 3147 2,
1772 3100 1802 3154 p.
1818 3085 1891 3154 555)

269 3160 359 3216 tradit.
381 3166 549 3234 Quamquam
562 3163 596 3216 ad
613 3182 674 3218 eum
687 3166 821 3219 translerri
841 3159 868 3218 id
881 3184 978 3219 nomen
997 3177 1057 3237 apte
1100 3162 1187 3234 paullo
1201 3181 1281 3234 supra
1294 3167 1347 3235 Cap
1363 3163 1455 3216 Blanc.
1466 3162 1559 3215 Fluvio
1570 3181 1641 3216 nunc
1655 3160 1755 3232 adjacet
1766 3165 1893 3216 Aznmnr

269 3251 388 3312 poterat3
404 3261 465 3296 nam
476 3252 532 3296 tota
545 3243 602 3296 bac
612 3245 685 3313 regio
696 3246 788 3299 vitium
799 3245 978 3315 feracissima(
987 3247 1056 3299 Vitis
1100 3242 1174 3297 urbs.
1195 3242 1350 3297 Ptolemaeus
1363 3259 1390 3314 p.
1411 3247 1462 3311 249
1482 3241 1592 3294 tluvium
1607 3251 1682 3295 vocat
1702 3239 1821 3312 λοίμαν,
1838 3243 1891 3295 Ρίί-

269 3321 298 3372 in
317 3323 404 3374 numis
418 3323 477 3375 Lixi
495 3322 578 3375 urbis.
595 3325 630 3376 V.
648 3323 726 3377 Falbe
744 3335 771 3378 ct
789 3325 922 3395 Lindberg
933 3328 1058 3378 Annonce
1100 3323 1160 3374 nius
1173 3324 1209 3388 V,
1230 3340 1241 3375 1
1258 3323 1431 3393 exscriptore
1452 3320 1587 3386 Africano,
1601 3325 1738 3374 Asanam:
1751 3321 1891 3388 Indigenas

269 3399 333 3453 d'nn
345 3418 457 3468 oresti-age
474 3421 522 3455 sur
539 3403 576 3456 les
586 3403 728 3457 'midailles
744 3404 776 3456 de
787 3404 928 3457 l‘uucicnnc
943 3404 1058 3476 Afrique
1102 3400 1212 3453 tradunt
1222 3399 1249 3454 t'n
1258 3419 1305 3453 ora
1315 3400 1350 3453 ab
1359 3399 1422 3452 Sala
1431 3401 1481 3453 150
1490 3399 1556 3452 mill·
1565 3400 1743 3472 mustum
1753 3403 1888 3464 Asanam.

269 3494 297 3548 p.
314 3495 342 3530 11
353 3517 361 3543 ,
371 3480 468 3532 citsnte
478 3482 611 3534 Moversio
618 3500 647 3553 p.
660 3484 734 3550 828).
747 3485 875 3536 Praetereo
886 3487 961 3536 Cotcn
969 3483 1056 3536 urbem
1101 3481 1202 3534 marino
1214 3482 1321 3544 liaustu,
1336 3478 1383 3533 scd
1392 3489 1473 3551 portu
1485 3477 1634 3550 spectabili.
1645 3481 1711 3546 Qua!
1722 3495 1836 3550 prorsus
1848 3499 1891 3532 ca·

270 3557 358 3610 noecio
377 3576 412 3610 sn
433 3570 504 3611 recte
517 3571 648 3612 memorat
660 3561 760 3614 Plinius
780 3564 817 3627 V,
839 3578 883 3627 1‚:
903 3565 1056 3615 Pmmonto·
1100 3560 1169 3614 dunt
1186 3563 1213 3614 in
1239 3563 1304 3614 ostia
1328 3557 1476 3614 Οιιιιιιςνόία
1500 3557 1583 3610 fluvii.
1603 3559 1613 3626 ΙΙ
1635 3557 1795 3630 -Λίξος]
1822 3564 1890 3630 Quae

271 3634 340 3688 rium
358 3637 455 3690 Oceani
473 3637 601 3690 extimum
611 3639 770 3711 Ampelusia
787 3651 899 3692 tucatur
910 3659 928 3692 α
945 3641 1055 3696 Gmcis.
1097 3639 1153 3710 jam
1165 3651 1311 3712 sequuntur
1322 3638 1356 3692 de
1368 3641 1444 3701 Lixo,
1460 3635 1538 3690 Crabi
1552 3648 1579 3689 et
1589 3636 1768 3709 'leymiateria
1787 3655 1821 3690 ex
1839 3641 1890 3693 alio

273 3717 382 3788 Oppida
391 3716 469 3786 suere
484 3717 572 3781 Lixo,
595 3722 666 3771 Cotes
680 3719 753 3771 ultra
769 3718 892 3773 Herculis
911 3719 1054 3774 colummis.
1100 3717 1173 3772 sonte
1190 3721 1271 3792 petita
1290 3720 1377 3790 inepte
1400 3714 1607 3789 precedentibus
1628 3727 1781 3772 assuuntur.
1804 3719 1892 3774 Causa

270 3794 567 3850 Stmboetl’tolcmaeus
578 3799 605 3850 in
619 3798 669 3851 hac
680 3815 727 3851 om
736 3799 824 3851 sinum
841 3809 940 3850 nonant
956 3800 1056 3872 Empe·
1100 3800 1198 3852 erroris
1224 3798 1331 3852 sortasse
1357 3795 1419 3850 inde
1443 3805 1483 3849 est
1512 3796 1671 3867 repetenda,
1697 3795 1775 3868 quod*
1796 3809 1890 3853 auctor

270 3874 367 3927 sicum.
386 3875 508 3927 Itaenim
526 3876 619 3929 Strabo
635 3879 724 3942 XVII,
738 3895 767 3948 p.
780 3877 850 3931 825:
866 3877 931 3947 Πρός
943 3879 1016 3930 νότον
1031 3879 1057 3933 st
1099 3887 1159 3948 post
1171 3877 1275 3932 Aniden
1290 3877 1318 3930 fl.
1338 3877 1396 3930 Lixi
1411 3875 1500 3940 lluvii,
1513 3876 1559 3946 qui
1579 3874 1613 3928 sd
1624 3875 1757 3928 desertum
1775 3877 1804 3928 in
1818 3896 1890 3931 mem

270 3956 303 4024 τῇ
317 3952 380 4025 Λίξῳ
394 3953 507 4015 καὶτοῖς
525 3954 620 4008 Kebren
640 3957 783 4026 παράκειται
800 3955 891 4018 κόλπος
908 3954 1056 4028 Ἐμπορικδς
1099 3959 1343 4023 cxit,·mentionem
1364 3957 1478 4027 reperit,
1492 3973 1605 4030 eumque
1618 3955 1727 4009 fluvium
1746 3956 1889 4012 confundit

271 4031 431 4104 καλούμενος,
446 4031 513 4103 ἔχων
525 4033 668 4097 Φοινικιιιίις
676 4037 808 4097 κατοικίας.
822 4039 909 4106 Atque
920 4054 1016 4090 nomen
1029 4039 1056 4092 id
1092 4054 1160 4090 cum
1174 4036 1256 4090 ultero
1268 4037 1350 4101 Lixo,
1371 4037 1417 4106 qui
1429 4035 1532 4087 nonita
1547 4034 1624 4104 longe
1640 4035 1737 4088 mesta
1752 4034 1825 4088 lreto
1836 4039 1886 4090 Ga·

270 4127 355 4180 usque
376 4109 410 4162 ad
426 4112 575 4165 Hermaeum
594 4115 806 4184 promontorium
821 4115 977 4185 pertinuisse
995 4117 1056 4170 inde
1099 4114 1200 4170 ditano.
1219 4146 1256 4157 -
1274 4117 1356 4168 Lixus
1378 4114 1442 4168 urbs
1456 4113 1489 4168 ad
1500 4114 1609 4167 fluvium
1625 4117 1813 4185 cognominem
1830 4119 1885 4171 sita.

271 4188 389 4257 colligas,
409 4189 483 4260 quod
501 4191 657 4246 Ptolemaeus
675 4209 702 4264 p.
723 4198 774 4263 τίς
793 4194 887 4247 κόλπον
904 4192 1055 4266 Ἐμποριιδν
1099 4195 1202 4247 Nomen
1224 4195 1251 4246 in
1266 4195 1353 4247 numis
1370 4193 1493 4247 scribitur
1507 4186 1571 4261 m&
1585 4192 1683 4265 (Fslbe
1695 4203 1721 4245 et
1734 4192 1885 4265 Lindbcrg‚

270 4278 331 4338 post
343 4268 431 4321 Subur
443 4267 551 4322 demum
566 4271 676 4324 lluvium
690 4284 828 4326 memorat.
843 4273 966 4345 Polybius
984 4276 1062 4346 apud*
1099 4275 1223 4326 Annoncc
1236 4283 1287 4327 etc.
1300 4291 1328 4345 p.
1347 4290 1376 4326 ιι
1388 4277 1409 4344 ),
1426 4273 1499 4344 quod
1522 4273 1643 4326 hebraice
1657 4273 1886 4344 pronuntiandum

270 4347 339 4400 Plio.
354 4349 390 4411 V,
404 4363 415 4400 1
429 4359 489 4419 post
503 4351 598 4403 Lixum
610 4361 727 4404 recenset
735 4352 828 4419 sagati
835 4353 932 4416 sinum,
948 4357 1055 4410 nomine
1099 4351 1167 4406 soret
1180 4353 1304 4407 Lccicsch
1325 4351 1381 4422 (cf.
1399 4352 1471 4405 urbis
1486 4353 1659 4406 Canaaniticae
1679 4369 1776 4404 nomen
1798 4349 1883 4422 wb-

270 4437 347 4478 utens
365 4427 508 4498 pbmnicio.
524 4430 592 4482 Nam
603 4449 711 4499 ῃηηῃῡ,
722 4430 866 4495 sucharut,
882 4443 921 4485 est
935 4431 1053 4504 ἔμπορία;
1099 4431 1214 4485 ίαοίιὶοοίι
1227 4432 1248 4504 ),
1267 4432 1462 4485 anoenicibus
1474 4451 1536 4485 vero
1547 4430 1768 4504 pronuntiabatur
1780 4431 1884 4494 Licscl,
1957 4499 1958 4504 ¹

271 4504 346 4558 litera
359 4508 519 4560 rnominum
538 4507 731 4578 pboeniciorum
745 4509 779 4563 ab
791 4509 862 4564 xtris
874 4529 1055 4582 sepenumero
1099 4513 1137 4564 uti
1150 4512 1296 4565 llloversius
1307 4511 1384 4565 docet
1397 4515 1433 4578 11,
1443 4529 1472 4583 p.
1487 4511 1547 4578 540.
1563 4510 1672 4579 (Falsus
1681 4510 1762 4578 igitur
1770 4511 1886 4565 Bcchar-

270 4582 387 4648 eliditur,
398 4584 510 4639 docente
520 4589 652 4642 Μονοττίο
662 4593 700 4653 ll,
711 4608 739 4661 p.
754 4593 815 4654 541,
829 4591 874 4660 qui
886 4589 997 4644 eandem
1010 4611 1055 4646 νο-
1099 4601 1141 4644 tus
1156 4591 1202 4662 qui
1219 4609 1340 4644 nomens
1353 4581 1421 4656 mil),
1432 4592 1481 4654 lis,
1495 4592 1514 4644 i.
1529 4609 1554 4644 e.
1569 4590 1623 4654 leo,
1639 4587 1759 4640 derivare
1772 4588 1886 4659 voluit.)

270 4679 329 4714 oem
343 4663 473 4716 sacltcrun
493 4665 533 4718 vel
551 4666 635 4738 libyos
647 4686 749 4736 sugqun
768 4669 847 4720 latere
867 4670 1014 4741 suspicatur
1027 4674 1064 4727 in·
1099 4672 1190 4724 Graece
1205 4671 1232 4722 in
1245 4688 1327 4724 numo
1339 4671 1455 4723 occurrit
1475 4669 1537 4722 ΛΙΞ.
1553 4667 1632 4740 Apud
1651 4667 1793 4738 scriptores
1808 4668 1886 4720 babes

270 4740 454 4810 Sicyoneurbe
472 4746 601 4810 Mnaseas,
621 4746 656 4799 de
677 4765 730 4817 qus
751 4746 833 4800 modo
847 4747 971 4802 vidimus.
988 4751 1000 4820 ΙΙ
1020 4783 1056 4794 -
1098 4749 1156 4816 Λίξ,
1172 4747 1246 4813 Λίξα,
1269 4749 1354 4814 Λίξος,
1369 4749 1453 4814 Λίξος,
1469 4748 1545 4820 Λίγξ,
1569 4747 1640 4818 Atye.
1661 4747 1886 4815 Frequentissirna

271 4819 399 4891 ἕρματα
418 4822 562 4904 ίίοτημίιὶιιο
579 4826 616 4878 ait
634 4843 690 4878 esse
701 4825 807 4896 όράλοος
819 4827 905 4897 πέτρας
918 4828 935 4894 ἢ
955 4829 998 4882 τόν
1012 4849 1054 4884 τε·
1099 4826 1183 4880 forma
1194 4837 1233 4880 cst
1247 4827 1331 4892 Λίξοςς
1345 4826 1387 4888 Λίξ
1397 4827 1495 4898 praebet
1505 4827 1676 4889 Ptolomeus,
1689 4824 1748 4894 Λίγξ
1768 4829 1886 4878 Artemi-

269 4898 351 4966 τρώδη
369 4897 411 4956 καί
422 4897 666 4972 ἐπιτυματιζόμενον,
679 4905 743 4957 ὥστε
756 4902 789 4975 μὴ
806 4903 913 4974 βλέπειν,
926 4908 1002 4961 τόπον
1012 4913 1054 4976 τῆς
1098 4906 1179 4960 donis
1190 4925 1232 4978 up.
1244 4907 1365 4960 Strabon.
1376 4909 1464 4972 xvn,
1475 4925 1502 4979 p.
1514 4909 1582 4976 829:
1594 4903 1765 4976 Ἀρτεμίδωρος
1776 4905 1800 4956 δ’
1813 4903 1885 4976 'Epa-

271 4975 403 5044 θαλάσσης.
429 4979 544 5033 Avienus
561 4984 609 5036 Or.
627 4985 696 5036 Mat.
717 4983 787 5036 322:
809 4988 1054 5058 Sacrumsuperbns
1097 4987 1204 5040 τοσθίνει
1217 4983 1260 5057 pii
1272 4985 1403 5058 ἀντιλέγει,
1420 4987 1483 5039 διότι
1494 4985 1564 5048 Λίξον
1579 4987 1633 5038 τινά
1648 5003 1720 5054 φησιν
1740 4984 1817 5037 πόλιν
1833 4988 1886 5058 περὶ

270 5054 348 5121 erigit
361 5059 560 5128 cuutcsjugum.
577 5065 673 5115 Locum
688 5062 796 5115 cecavit
811 5065 910 5116 Herma
922 5066 1068 5137 quondum
1097 5065 1128 5119 τὰ
1137 5065 1198 5137 ἄκρα
1210 5069 1253 5134 τῆς
1264 5067 1418 5138 λίαυρουοίας
1430 5065 1460 5119 τὰ
1474 5065 1570 5137 ἑσπέρια
1582 5064 1638 5118 ἀντὶ
1655 5064 1748 5134 Λιγγός
1766 5063 1830 5134 (Cf.
1847 5065 1884 5118 iil.

271 5133 384 5187 Groect'a.
398 5140 450 5189 Est
470 5141 569 5191 Herma
585 5159 665 5211 μονον)
681 5141 809 5214 cespitum
828 5143 956 5208 mrtnitio,
972 5145 1052 5199 inter*-
1097 5164 1125 5218 p.
1146 5149 1214 5212 825,
1230 5147 1275 5199 ubi
1290 5147 1360 5200 Line·
1377 5158 1403 5200 et
1428 5145 1520 5214 Tingis
1538 5143 1774 5212 confunduntur).
1791 5145 1883 5215 Steph.

264 5209 351 5276 ‚ticum
367 5231 425 5282 quic
442 5216 599 5270 altrinsecus
619 5221 704 5274 rrtetnit
726 5220 821 5276 lacurn.
842 5222 949 5294 Aliiqnc
963 5243 1053 5278 rursus
1098 5229 1158 5296 Byz.
1170 5242 1183 5278 ⁴:
1203 5225 1277 5296 Λίγξ
1299 5226 1407 5296 ποταμὸς
1427 5225 1591 5296 Λίαυριτανίας
1608 5225 1648 5278 καί
1669 5223 1755 5284 πόλις·
1775 5223 1839 5285 τινὲς
1861 5225 1885 5276 iti

272 5289 393 5344 Herculis
405 5291 500 5346 dicam
515 5297 594 5350 uiant.
610 5295 741 5353 serm-lise
755 5303 853 5374 quiippe·
868 5302 1051 5373 rrinrinstrtnr
1098 5304 1167 5367 Λίξον
1180 5307 1306 5375 γράφοντι,
1331 5304 1423 5358 ltlem:
1443 5304 1537 5375 Λόγξ,
1562 5303 1630 5365 πόλις
1645 5303 1732 5368 Λιόῦης
1755 5303 1815 5372 πρὸς
1835 5311 1886 5364 τοῖς
