3950 5925
235 437 292 495 ιιι
698 430 881 491 tronum
903 428 1099 511 (ararim,
1121 435 1175 497 nr
1196 436 1368 515 raama)
1741 445 1851 547 (aa,

231 555 332 629 λύκων,
348 554 438 636 νάρδος
451 554 497 616 καί
512 558 654 625 καλλιανδς
671 559 739 627 λίθος
753 561 798 619 καὶ
812 560 953 641 σάπφειρος
969 560 1015 621 καί
1060 572 1137 637 lium,
1163 573 1271 644 lycium,
1295 575 1403 640 nardus,
1428 575 1536 629 callaina
1554 592 1671 646 gnoma,
1696 581 1849 651 sapphirim,

234 642 338 723 Σηρικδ
352 643 472 723 δέρματα
491 642 537 703 καί
560 645 659 705 δθόνιον
677 646 723 705 καί
741 651 814 723 νῆμα
832 649 946 728 Σηρικὸν
969 649 1015 707 καί
1059 661 1154 716 Sericae
1165 662 1254 732 peiles,
1265 663 1416 727 othonium,
1431 664 1506 717 filum
1520 666 1650 730 Sericum,
1667 666 1791 721 Indicum
1807 672 1849 721 ni·

233 728 446 809 Ἰνδικδνρίλαν.
489 726 640 810 Ἀνάγονται
657 732 685 791 δὲ
703 734 749 792 καί
763 736 837 795 αὐτοὶ
856 736 1016 804 αίπλίοντες
1055 762 1143 815 grum.
1180 748 1304 800 Ceterum
1315 750 1438 817 navigant
1454 751 1577 803 enetiam
1590 750 1732 821 peraltum
1748 752 1850 806 indicis

233 816 300 893 perh
314 821 365 877 τῶν
382 818 499 879 Ἰνδικῶν
511 820 526 851 l
537 820 597 900 περὶ
611 820 654 879 τὸν
673 820 783 880 Ἰούλιον
795 828 880 900 μῆνα,
898 824 925 890 ὅς
945 828 1016 883 ἐστιν
1055 832 1145 885 etesiis
1155 832 1233 900 (siue
1241 832 1361 905 Hippola
1370 837 1469 903 vento)
1483 835 1553 888 circa
1566 836 1668 889 lulium
1680 838 1736 890 sive
1748 840 1849 911 Epiphi

190 920 204 959 ν
232 902 330 985 Ἐπιρί·
344 906 511 974 δυςτπίόολος
526 907 786 989 μίν,ίπιροράιτερος
801 910 828 969 δὲ
847 911 951 971 ἐκείνων
969 912 1016 971 καί
1055 935 1186 984 mensem;
1205 936 1322 989 quorum
1340 918 1513 990 periculosior
1528 920 1696 993 quidemsed
1716 927 1850 995 promtior

231 990 423 1072 σνντομώτερος
435 995 450 1051 ὁ
462 997 556 1060 πλοῦς.
1055 1004 1213 1077 breviorque
1225 1018 1264 1059 est
1275 1008 1416 1077 navigatio.

269 1098 308 1139 to.
328 1079 405 1141 Μετὰ
415 1081 443 1139 di
457 1079 501 1139 τὸν
515 1081 608 1141 Σίνθον
621 1082 839 1164 παταμδνάτερίς
850 1088 905 1145 ἐστι
920 1087 1016 1153 κόλπος
1091 1099 1135 1157 do.
1149 1097 1212 1148 Post
1221 1095 1345 1149 Sinthum
1355 1096 1468 1149 fluvium
1479 1096 1545 1151 alius
1558 1107 1597 1151 est
1607 1098 1681 1152 sinus
1691 1117 1782 1155 versus
1797 1102 1846 1155 bo-

230 1164 377 1243 άθειίιρητος
393 1166 467 1248 παρά
481 1166 525 1227 rhu
547 1168 650 1249 βορίαν·
670 1170 825 1247 ὀνομάζεται
846 1172 874 1232 δί
892 1174 1014 1253 Είρινδν,
1055 1214 1138 1260 mm,
1164 1197 1222 1251 ,esu
1245 1196 1375 1263 difficili„
1399 1198 1546 1270 ,ppepatur
1567 1200 1764 1273 strumum„
1788 1202 1847 1274 ejus

234 1252 384 1330 ἔπιλάγιται
411 1252 438 1312 δὲ
458 1257 473 1313 ὁ
493 1253 539 1332 μίν
560 1255 651 1336 μικρὸν
674 1260 688 1314 θ
711 1257 738 1316 δὲ
758 1258 841 1336 μέγα·
865 1260 1016 1337 πελάγηδί
1116 1298 1154 1363 ni,
1224 1301 1316 1370 ,parvi
1329 1299 1438 1352 nomine
1450 1298 1530 1353 distin
1568 1300 1630 1354 itur·
1669 1301 1736 1356 Um
1755 1321 1789 1357 ue
1799 1323 1846 1357 au·

192 1358 217 1398 to
231 1342 301 1398 ἐστιν
322 1340 457 1421 ἀμφότεροι
476 1341 611 1420 τεναγώδη
631 1341 677 1401 καί
695 1343 767 1412 δίνας
784 1344 897 1426 ἓλαρράς
922 1348 1016 1425 ἔχοντα
1056 1316 1310 1466 Eamgpmpaplilffim
1321 1394 1426 1466 pelagus
1439 1404 1488 1461 at,
1503 1318 1615 1450 νοῗῗίω
1623 1397 1723 1451 habens
1733 1322 1831 1453 gem

230 1425 276 1485 ”l
291 1430 406 1507 συνεχεῖ(
427 1428 473 1487 '‘“l
495 1429 598 1509 μακρὰς
611 1430 663 1489 ἀπὸ
676 1434 723 1501 tis
742 1436 804 1510 γῆς,
817 1436 853 1500 ὣς
874 1434 1016 1509 πολλάκις,
1119 1491 1126 1503 Ι
1465 1490 1472 1505 ⁵
1584 1493 1590 1508 ι

229 1518 277 1585 τῆς
290 1514 400 1596 timim
419 1514 486 1592 μηδδ
503 1516 679 1596 βλιπομένης,
694 1518 844 1578 ἐποκέλλειν
861 1520 896 1579 τά
916 1524 1015 1594 πλοῖα,
1056 1491 1846 1566 ⁰⁰⁰²¹¹¹¹¹⁰⁵22¹⁰ml01180Pellfflfflifflsslflulwpenumem

231 1601 356 1680 ἐνδοτέρω
369 1600 396 1660 δὲ
408 1602 591 1683 παραληφθέντα
603 1603 831 1664 tolentinates.
874 1607 976 1666 Τούτου
987 1607 1014 1665 δὲ
1056 1606 1145 1651 'mv
1157 1598 1228 1641 lem
1240 1586 1360 1641 mudum
1378 1598 1530 1660 θίἸΜθΠίθι
1542 1588 1572 1641 ln
1584 1585 1843 1662 l'ffll‘lml‘lflfflflb

231 1686 354 1767 ὑπερέχει
375 1693 420 1748 soii
434 1688 533 1749 κολπσυ
552 1690 729 1771 ἀκρωτήριον,
744 1693 890 1770 ἐπικαμπὲς
905 1694 957 1752 άπδ
970 1699 1016 1752 τοῦ
1055 1696 1082 1739 0¹
1095 1686 1206 1738 imerius
1224 1695 1356 1755 limi)iai
1378 1687 1459 1738 ‘lim
1477 1695 1596 1756 imni·
1635 1687 1705 1739 Huic
1725 1689 1845 1741 imminet

191 1790 216 1830 tt
232 1772 336 1853 Είρίνου
357 1775 425 1852 μετὰ
445 1776 492 1847 τὴν
510 1778 639 1850 ἀνατολὴν
653 1779 699 1837 καί
713 1778 756 1837 τδν
777 1781 849 1839 νότον
869 1784 905 1848 ὡς
917 1784 952 1849 εἷς
966 1782 1014 1853 τὴν
1055 1783 1125 1834 sinui
1136 1782 1359 1852 promontorium,
1373 1779 1445 1851 quod
1455 1780 1489 1833 ab
1501 1782 1576 1835 irino
1587 1780 1622 1834 ad
1636 1784 1776 1848 orientem,
1786 1795 1845 1837 tum

229 1942 470 2009 niusXH,e.1a;
494 1922 605 1998 Diodor.
620 1949 662 2010 11,
677 1950 727 2017 άρς
741 1948 880 2001 Salmasius
891 1949 925 2001 de
940 1950 1013 2002 hom.
1062 1948 1204 2001 destinatas
1217 1946 1309 2000 Ἰνδικά
1320 1946 1373 1999 dici
1388 1964 1464 2018 posse
1477 1964 1532 2001 non
1551 1948 1633 2001 eredo
1648 1950 1698 2003 nisi
1716 1951 1845 2023 exemplis

229 2020 302 2091 hyles
310 2023 369 2075 iatr.
379 2041 403 2075 c.
412 2026 444 2077 88
450 2041 477 2095 p.
493 2027 542 2079 128
550 2042 590 2095 sq.
606 2026 651 2095 qui
662 2026 1014 2081 etiamdehdeliasivebdel·
1058 2027 1193 2097 probanti.
1215 2028 1286 2078 Num
1304 2025 1444 2095 legendum
1460 2020 1521 2097 μετά
1534 2025 1566 2080 sd
1580 2024 1683 2093 Ἰνδικά,
1700 2029 1770 2082 sicut
1786 2032 1842 2085 Ho-

166 2116 171 2125 ·
229 2098 266 2153 lio
276 2097 384 2171 exponit
396 2119 423 2173 p.
440 2120 489 2172 179
501 2122 560 2174 sqq.
575 2103 642 2157 etde
655 2104 758 2177 lyciop.
768 2105 811 2175 59.
826 2108 837 2175 ΙΙ
849 2124 920 2159 -ι.
934 2106 1014 2159 καλ·
1057 2122 1146 2157 merus
1165 2106 1236 2157 oanit
1249 2103 1322 2157 πλεῖν
1344 2104 1405 2174 μετὰ
1419 2104 1534 2174 poledri
1553 2108 1589 2159 m
1602 2106 1654 2160 hoc
1673 2118 1771 2177 poetar,
1786 2126 1844 2162 non

229 2176 371 2249 λεανδς]
383 2176 420 2232 sic
439 2180 536 2246 codex,
550 2177 674 2247 editores,
684 2182 794 2254 jubente
807 2185 948 2249 Salmasio,
961 2204 1012 2238 ser.
1057 2184 1139 2234 nostri
1158 2181 1341 2234 nundinatoris
1355 2182 1431 2235 soret.
1447 2185 1538 2253 ltaque
1557 2182 1637 2235 luisse
1651 2184 1764 2255 conjicio
1782 2186 1846 2256 μετὰ

230 2256 374 2319 καλλαῖνάς.
387 2257 487 2311 Plinius
503 2260 648 2325 XXXVII,
668 2264 701 2314 56
721 2279 728 2314 ι
746 2262 843 2315 Culicis
858 2264 1014 2334 sapphirum
1057 2266 1105 2313 τῶν
1123 2260 1247 2325 ἱππάλων,
1270 2261 1325 2325 vel,
1346 2262 1367 2313 si
1386 2262 1437 2313 lroc
1445 2261 1580 2325 audacius,
1592 2259 1653 2333 μετά
1668 2268 1717 2316 τῶν
1735 2261 1845 2318 Ἰνδικῶν

230 2333 360 2399 imitatur,
374 2335 514 2389 candidior
521 2351 547 2390 et
558 2336 665 2392 litoroso
671 2339 739 2393 mari
749 2340 869 2394 similis..
881 2342 1014 2395 (ὶιίίαίιιαι
1057 2339 1189 2406 [ἐτησίων.
1201 2342 1223 2409 ],
1237 2338 1331 2391 oollato
1344 2342 1360 2407 S
1372 2339 1405 2408 57
1420 2340 1467 2392 ubi
1480 2358 1614 2393 οιοιισεοασ
1628 2343 1699 2394 venti
1713 2355 1844 2399 vocantur

228 2426 325 2467 uocant
336 2415 463 2468 sturbido
476 2416 598 2469 callaina.
612 2417 654 2470 Id.
666 2418 702 2471 ih.
716 2434 723 2471 t
735 2418 845 2486 Angitis
858 2439 908 2473 non
923 2417 1014 2473 miritis
1057 2417 1151 2485 ἐτησίαι
1160 2418 1185 2471 ἓν
1195 2424 1232 2489 τῷ
1247 2417 1343 2490 Ἰνδικῷ
1354 2419 1466 2489 πελάγει.
1486 2420 1497 2489 ΙΙ
1510 2450 1547 2461 -
1557 2419 1582 2472 5.
1604 2415 1844 2494 ἔπιρορώτερος]

227 2491 285 2545 alia
301 2492 408 2547 videtur
428 2512 482 2547 esse
502 2514 582 2566 quam
599 2515 657 2568 quae
671 2496 766 2550 σαίαίε.
776 2498 873 2551 Putant
893 2498 1012 2551 καλάῖνον
1060 2494 1237 2565 ἔπιρορώτατος
1254 2496 1331 2558 cod.;
1345 2514 1396 2549 em.
1415 2498 1505 2549 Stuci.
1522 2500 1646 2551 Ceterum
1670 2501 1720 2552 irae
1739 2504 1848 2569 naviga·

227 2570 414 2625 ναίναλλάϊνον
426 2578 526 2643 χρῶμα,
539 2572 613 2643 cujus
625 2576 718 2645 saepius
729 2578 829 2628 mentio
842 2576 881 2638 fit,
892 2576 926 2629 de
941 2595 1014 2646 gem.
1059 2574 1132 2625 tione
1151 2573 1246 2624 Noster
1267 2590 1373 2643 quoque
1392 2591 1454 2625 usus
1477 2593 1537 2627 esse
1556 2575 1670 2628 videtur.
1695 2580 1764 2629 Nam
1782 2578 1849 2631 inde

227 2666 272 2701 ma
284 2649 349 2715 hac,
371 2661 417 2705 aut
436 2668 567 2720 gemmam
580 2651 614 2705 de
633 2654 720 2707 colore
738 2653 801 2707 dici.
822 2654 906 2707 Multa
923 2654 957 2707 de
971 2656 1012 2709 his
1056 2652 1155 2708 a'Cane
1168 2652 1287 2725 emporio
1301 2671 1373 2707 nunc
1387 2652 1496 2707 demum
1508 2649 1543 2707 td
1563 2653 1750 2709 accuratiorem
1770 2657 1843 2710 loco-

228 2726 368 2781 Salmasius
387 2730 497 2783 Exercc.
519 2730 558 2783 Pl.
578 2748 607 2801 p.
630 2734 690 2800 167,
710 2750 768 2803 quae
780 2750 841 2786 cum
859 2734 915 2787 aliis
932 2734 1012 2788 habes
1057 2750 1117 2784 rum
1128 2732 1332 2805 descriptionem
1352 2732 1432 2785 redit.
1449 2733 1461 2801 ΙΙ
1473 2730 1553 2784 -δὲ
1567 2727 1713 2804 ἐκείνων]
1737 2733 1799 2788 fort.
1812 2736 1842 2789 δὲ

227 2805 306 2858 etiam
330 2807 358 2859 in
379 2807 469 2879 Steph.
483 2808 563 2861 Thes.
585 2826 611 2861 ν.
632 2810 729 2872 κάλαϊς.
748 2812 859 2865 Causam
879 2813 1013 2867 mutandae
1056 2810 1088 2861 δι’
1101 2810 1199 2863 ἐκείνων
1211 2830 1249 2865 sc.
1261 2817 1310 2864 τῶν
1328 2809 1436 2864 Ἰνδικῶν
1451 2808 1565 2876 ἐτησίων.

227 2883 326 2937 codicis
336 2886 471 2956 scripture
482 2885 605 2941 idoneam
623 2906 678 2941 non
689 2889 779 2957 adosse
792 2901 879 2943 censet
890 2891 1013 2944 Schwan·
1091 2891 1171 2957 5⁴0,
1186 2889 1204 2941 i.
1220 2892 1247 2942 8.
1269 2887 1420 2959 Είρινδν]
1431 2889 1509 2940 Nunc
1532 2886 1584 2940 ltin
1600 2886 1724 2941 rivellum
1736 2901 1849 2944 vocatur

226 2960 334 3018 beritius
347 2983 374 3036 p.
390 2969 453 3034 499.
463 2967 567 3019 Nomen
577 2966 695 3022 indicum
707 2965 734 3021 in
744 2968 807 3039 ling.
821 2988 920 3023 sonscr.
933 2969 1012 3024 luisse
1055 2965 1147 3036 ingens
1157 2979 1264 3033 tractus,
1273 2969 1319 3039 qui
1331 2985 1380 3038 pro
1390 2969 1452 3022 anni
1460 2967 1658 3037 tempestatibus
1664 2967 1746 3021 modo
1755 2968 1847 3022 doser-

227 3042 282 3095 vuit
295 3042 419 3112 ίαίῘιῖνιας
431 3042 458 3096 id
470 3045 627 3100 vocabulum
647 3046 802 3118 plerumque
815 3043 924 3119 quidem
934 3068 1012 3120 pecu·
1055 3056 1195 3099 tumestet
1208 3047 1292 3100 solum
1304 3045 1475 3098 durissimum
1483 3045 1587 3115 saleque
1597 3063 1747 3117 praegnans,
1761 3049 1847 3102 modo

226 3118 299 3172 αἰαιιι
313 3122 477 3190 significare,
496 3119 542 3174 sed
562 3141 640 3178 sensu
658 3125 810 3193 generaliori
827 3125 958 3196 quidquid
978 3127 1012 3180 sit
1054 3122 1126 3176 lacus
1137 3124 1237 3177 lutosus
1248 3125 1397 3193 salsusque,
1412 3125 1491 3175 variis
1503 3122 1595 3175 insulis
1613 3121 1760 3177 distinctus.
1771 3127 1846 3179 Olim

226 3198 357 3268 pulcrum,
375 3199 486 3272 ideoque
499 3199 578 3254 eiiam
590 3201 624 3254 dc
638 3217 740 3272 gemma
751 3205 867 3275 potuisse
878 3203 1009 3276 usurpari.
1055 3211 1144 3254 tamen
1165 3199 1234 3254 istud
1257 3203 1309 3254 liin
1329 3202 1412 3269 magis
1432 3197 1600 3271 depressum,
1613 3211 1752 3271 totumque
1771 3207 1842 3256 mari

228 3276 343 3346 Kaijdnn
361 3289 447 3332 autem
464 3297 547 3350 grace
564 3278 697 3344 καλλιανδς
715 3280 755 3335 vel
769 3282 904 3345 καλλεανδς
923 3286 1012 3354 potius
1054 3290 1208 3350 coopertum
1222 3277 1301 3330 luisse
1312 3276 1390 3330 debet
1403 3278 1456 3349 (V.
1468 3280 1569 3330 Burnes
1580 3279 1782 3346 Memot'roftlre
1798 3300 1843 3332 επ-

226 3371 305 3424 quam
325 3356 459 3421 καλλαϊνδς
481 3356 623 3413 dicendum
645 3359 733 3414 luisse.
758 3361 882 3414 Similiter
901 3363 1012 3432 Kols'cini
1053 3371 1125 3410 stem
1145 3357 1241 3410 brooch
1259 3357 1291 3425 of
1307 3356 1348 3411 ide
1361 3355 1444 3408 ludus
1460 3355 1574 3412 wille
1590 3355 1793 3424 liwwaut-tclt
1812 3360 1842 3411 in

225 3433 354 3490 Indorum
367 3439 464 3492 Nostro
478 3456 532 3491 non
543 3439 672 3491 Καλλάϊνα
684 3436 746 3504 dici,
761 3439 819 3505 sed,
834 3442 873 3492 uti
887 3440 1010 3507 debebat,
1059 3436 1177 3500 Tremit,
1188 3431 1312 3499 loiadon,
1331 3435 1408 3496 ¹834·
1419 3443 1440 3486 t·
1453 3435 1503 3496 111·
1514 3451 1543 3504 P·
1557 3433 1683 3504 309’5qq·
1693 3436 1779 3488 thler
1789 3438 1840 3500 VI,

228 3511 374 3586 liezilina(
385 3520 399 3584 ς
412 3517 476 3586 52).
495 3518 557 3586 11-
578 3533 604 3570 a.
622 3516 747 3588 Σηρικδ
765 3519 928 3589 δέρματα]
949 3522 1011 3573 Haec
1054 3532 1082 3585 p.
1096 3516 1177 3586 948).
1194 3516 1326 3567 Exitliun
1340 3515 1367 3565 in
1379 3513 1477 3576 sinum,
1491 3529 1572 3582 quem
1584 3530 1708 3565 vooamus
1717 3513 1789 3583 galfr
1807 3516 1842 3566 de

226 3594 324 3663 spacia
337 3594 398 3647 aiibi
410 3613 464 3648 non
476 3597 601 3649 ocean-it,
621 3597 722 3650 vooem
735 3596 843 3650 sortasse
858 3610 1009 3668 coemptam
1057 3593 1160 3653 Cutscli,
1173 3591 1248 3662 cujus
1259 3593 1333 3643 sinus
1345 3601 1447 3661 partem
1458 3592 1610 3643 interiorem
1622 3592 1727 3655 Noster,
1740 3610 1838 3662 parum

226 3674 434 3743 oesesuspimtur
444 3674 589 3728 Vinoentus
598 3692 626 3744 p.
641 3675 703 3744 39⁰·
714 3679 756 3729 An
765 3671 857 3746 Σηριιιδι
865 3675 1011 3746 ἀθύρματα.)
1053 3665 1176 3722 distincte
1183 3689 1240 3722 rom
1249 3686 1393 3740 exponens,
1406 3667 1619 3738 Elpivovinornine
1625 3670 1839 3740 comprehendit,

230 3749 241 3815 ΙΙ
255 3747 298 3788 -’
313 3749 341 3802 3.
360 3748 464 3803 ’ίνδινδν
481 3751 567 3821 μέλαν,
589 3751 693 3822 Indiga.
713 3754 724 3822 Ι]
737 3784 773 3794 -
791 3753 959 3824 ἀνάγονται
981 3755 1011 3808 δὲ
1053 3749 1183 3818 siquidem
1195 3749 1242 3819 qui
1261 3766 1324 3800 mox
1341 3749 1460 3817 sequitm
1470 3747 1582 3800 Βαναίαν
1599 3748 1672 3800 sinus
1686 3750 1792 3801 nonnisi
1805 3748 1842 3802 de

227 3825 282 3877 καὶ
294 3827 361 3880 κτλ.
372 3827 383 3899 ]
393 3827 515 3881 Stuckius
525 3829 602 3882 vertit
615 3845 622 3881 ε
635 3855 646 3875 ι
658 3832 698 3882 Eo
705 3831 829 3900 navigant
841 3849 902 3883 cum
911 3829 1011 3885 Indicis
1052 3829 1182 3880 exteriore
1194 3837 1268 3898 porte
1282 3827 1355 3879 siuirs
1367 3825 1399 3878 de
1417 3825 1511 3879 Crctscli
1528 3824 1638 3894 intelligi
1650 3836 1745 3897 potest.
1769 3828 1781 3896 ΙΙ
1802 3858 1840 3869 -

227 3905 357 3958 mercibus
373 3907 550 3961 menseluiio'.
563 3908 699 3978 Navigatio
708 3909 763 3962 haec
774 3908 892 3962 difficiles
901 3910 1010 3979 quidem
1055 3922 1097 3960 ιο.
1110 3908 1195 3967 δίνας
1215 3905 1367 3976 ἐλαφρὰς]
1380 3906 1451 3958 Ναινι
1463 3915 1535 3957 recte
1546 3915 1650 3957 vertant
1658 3905 1768 3958 wrtiees
1776 3908 1842 3960 cele-

226 3983 306 4037 baltei
322 4003 454 4052 τινεστινες
469 3997 496 4039 at
513 3987 625 4058 pronior
634 3998 674 4040 est
689 3998 715 4040 et
729 3988 834 4042 brevior
854 4013 864 4034 ι
885 3987 1011 4059 (brevior
1053 4002 1107 4047 res,
1121 3982 1229 4057 rapidos
1238 4024 1246 4048 ,
1261 3984 1366 4037 dubito.
1379 3983 1480 4051 insra§
1500 3984 1532 4034 ⁵5
1547 3983 1627 4036 habes
1644 3984 1760 4046 διάπλοος
1781 3984 1841 4037 ἔλα.

226 4061 391 4134 qrammi).
405 4062 485 4132 Quod
496 4065 643 4118 Vincentus
651 4068 687 4130 11,
700 4084 728 4137 p.
743 4067 795 4135 39⁰
808 4068 845 4119 ito
856 4067 1010 4138 interpreta-
1052 4069 1137 4141 ρρσθς,
1156 4066 1283 4140 quodibi
1306 4067 1404 4120 dicitur
1422 4066 1457 4119 de
1474 4066 1556 4119 iiuvio
1578 4064 1615 4117 ob
1638 4061 1760 4133 scopulos
1779 4063 1842 4110 bre·

225 4151 289 4194 tur:
303 4163 313 4192 ι
325 4141 383 4194 The
392 4141 488 4195 author
498 4142 628 4210 observes,
639 4143 696 4197 that
710 4147 737 4197 in
746 4144 860 4198 ordcrto
869 4146 947 4198 reaclr
956 4147 1008 4199 this
1053 4151 1148 4220 viaque
1166 4147 1268 4200 onustis
1287 4146 1397 4198 navibus
1411 4163 1466 4198 non
1486 4141 1695 4214 pernavigando.
1712 4142 1779 4194 Cum
1801 4139 1843 4190 his

224 4230 286 4289 port
299 4220 326 4272 in
337 4220 382 4273 the
399 4237 496 4291 proper
512 4239 613 4285 sensnm
628 4223 673 4274 tire
683 4222 755 4294 ships
768 4222 864 4276 should
877 4224 948 4276 leave
963 4225 1008 4277 the
1051 4222 1244 4291 comparandus
1253 4219 1369 4271 AEiianus
1380 4218 1414 4270 N.
1428 4221 1461 4270 A.
1474 4218 1528 4280 IX,
1549 4221 1603 4285 49:
1621 4216 1676 4268 Τῶν
1695 4221 1775 4282 κητῶν
1789 4223 1840 4269 τῶν

226 4297 342 4350 harhour
350 4297 381 4350 oi
386 4299 510 4352 berenice
518 4301 545 4351 in
554 4299 650 4371 Epipbi
660 4301 771 4371 ονθιιίγς
782 4301 889 4370 adding,
897 4302 955 4355 that
963 4303 1009 4355 the
1052 4300 1175 4369 μεγίστων
1192 4296 1317 4367 αἰγιαλοῖς
1329 4296 1372 4350 καί
1388 4295 1445 4368 ᾐόσι
1463 4294 1569 4356 καὶτοῖς
1583 4294 1732 4365 ἐλαφροῖς
1750 4295 1842 4348 καλαν-

215 4391 330 4446 ·Ραναα9α
341 4376 420 4430 down
431 4378 477 4432 the
489 4377 546 4431 lled
560 4397 602 4432 sea
616 4381 637 4433 is
654 4379 765 4434 diiiicult
778 4391 842 4434 atso
856 4381 925 4452 early
935 4399 950 4433 a
961 4399 1007 4452 pe-
1052 4378 1133 4446 μάνοις
1143 4375 1185 4430 καί
1197 4375 1299 4446 βραχέσι
1309 4374 1410 4446 χωρίοις
1421 4373 1584 4444 προσπελάζει
1597 4373 1678 4432 οὐδὲν.
1693 4372 1760 4426 οἰκεῖ
1769 4373 1796 4426 δὲ
1808 4375 1840 4427 τά

225 4453 294 4518 riori,
304 4455 352 4508 but
362 4456 440 4509 thata
450 4454 658 4509 iavorablevvind
671 4456 736 4528 (that
745 4459 767 4510 is
776 4458 822 4510 the
833 4461 973 4529 monsoon)
985 4461 1008 4512 is
1049 4455 1163 4525 πελάγη,
1184 4454 1231 4506 nbi
1246 4452 1339 4524 ἐλαφρά
1353 4453 1409 4506 loos
1428 4463 1491 4505 suut
1502 4469 1561 4523 quae
1575 4462 1681 4505 tenuem
1695 4455 1750 4504 vim
1762 4471 1840 4522 aqua*

224 4548 298 4586 more
306 4533 389 4604 easeiy
402 4533 526 4588 obtained
535 4533 600 4586 alter
609 4551 662 4604 you
673 4535 738 4588 have
750 4535 842 4606 passed
854 4535 898 4588 the
908 4539 1005 4602 straits,
1050 4532 1159 4597 babent,
1171 4533 1226 4584 sive
1239 4532 1419 4603 profunditate
1432 4543 1531 4584 carent.
1551 4530 1653 4584 Eodem
1667 4549 1747 4584 sensu
1757 4534 1836 4586 ειίαιιι

223 4609 276 4662 and
290 4610 334 4665 the
354 4630 451 4683 voyage
465 4629 539 4665 more
551 4611 724 4683 expeditiores.
748 4637 760 4659 ι
779 4612 881 4686 Quodsi
898 4614 950 4667 hoc
961 4634 1006 4668 vo-
1050 4623 1141 4665 nostro
1150 4611 1209 4665 loco
1220 4629 1272 4664 vox
1285 4612 1406 4682 usurpari
1418 4611 1483 4663 mihi
1495 4609 1614 4675 videtum
1628 4628 1711 4681 quare
1721 4611 1839 4664 scriben-

222 4686 320 4753 luisset,
330 4689 489 4760 pemhsorre
496 4700 588 4744 auctor
596 4689 699 4744 locutus
710 4690 786 4744 soret.
797 4693 852 4760 Ego
864 4693 897 4745 ita
907 4705 1003 4748 statuo.
1049 4687 1115 4743 ιίιιιιι
1128 4702 1194 4762 puto
1208 4691 1276 4752 θῖνας
1288 4689 1406 4760 ἐλαφρὰς,
1425 4689 1499 4760 quod
1515 4688 1712 4759 intelligendum
1731 4688 1765 4741 de
1777 4690 1842 4744 sub·

223 4765 254 4817 ln
268 4778 368 4820 antece.
379 4767 456 4839 juxta
473 4787 547 4824 oram
565 4768 598 4822 ad
613 4768 710 4822 Indum
725 4768 832 4824 deducti
843 4787 947 4840 sumum
959 4772 1005 4826 sed
1049 4771 1168 4835 marinis,
1182 4769 1229 4822 sed
1240 4769 1404 4840 superficiem
1422 4786 1552 4840 aquarum
1566 4779 1669 4822 tantum
1691 4771 1836 4822 nonattiu-

223 4847 339 4915 navigari
361 4865 393 4900 eo
406 4850 484 4902 etiam
505 4867 553 4920 per
566 4848 648 4901 altum
661 4859 763 4920 poterat
781 4849 887 4920 hippalo
908 4863 1004 4919 vento;
1049 4849 1171 4917 gentibus
1183 4865 1323 4900 arenarum
1337 4848 1430 4901 taeniis.
1446 4850 1458 4917 ΙΙ
1473 4845 1785 4917 -ιο.ἐποκέλλιιν]
1801 4850 1841 4900 sic

224 4940 282 4993 quar
308 4928 436 4995 navigatio
456 4927 627 4998 periculosior
644 4927 768 4998 quidem,
790 4928 834 4981 sed
850 4934 1006 4985 concitatior
1047 4937 1119 4979 recte
1137 4924 1237 4988 cederi
1261 4923 1334 4979 dnos.
1357 4924 1445 4994 vulssO·
1469 4927 1530 4996 ii-
1552 4927 1595 4978 ¹3·
1615 4923 1838 4994 ἇπὸλδθσθαῑί

224 5001 390 5076 breviorque.
412 5007 487 5060 lianc
507 5006 607 5060 itineris
628 5009 758 5060 rationem
778 5007 852 5062 alteri
876 5011 1003 5080 opponit,
1049 5003 1210 5074 ἀπολλύμενα
1225 5013 1252 5055 el
1271 5020 1334 5055 ¹110!
1346 5000 1461 5074 ὗπνρήκει
1481 5021 1531 5074 pro
1548 5002 1767 5075 ὓπερέχενοοᾶεη
1782 5020 1838 5055 ent·

224 5081 310 5134 verbis
332 5081 466 5153 ἀνάγονται
485 5085 511 5138 δὲ
531 5085 586 5138 καλ
605 5095 631 5138 et
653 5085 762 5139 ἐκείνων.
780 5086 870 5140 Verba
891 5087 961 5141 αὐτοὶ
980 5089 1005 5142 οἱ
1049 5091 1124 5144 editt.
1140 5088 1270 5162 fl—dnb
1284 5094 1336 5143 τοῦ
1350 5089 1492 5162 Είρινοῦ]
1506 5089 1799 5162 άπδτοῦδρρονοοιίσκ,
1811 5092 1839 5142 in

224 5158 337 5222 πλέοντες
350 5162 456 5233 plebeiae
469 5174 531 5216 sunt
544 5165 696 5232 gracitatis,
712 5183 798 5236 nequo
815 5167 955 5236 tangenda.
971 5173 1006 5222 At
1049 5187 1104 5239 quo
1115 5167 1270 5240 explicando
1282 5168 1377 5222 frustra
1390 5169 1553 5222 doeudnmnt
1566 5169 1737 5239 interpretes;
1750 5185 1839 5237 neque

226 5235 299 5288 nihili
311 5255 366 5292 esse
376 5250 441 5310 puto
452 5241 520 5294 istud
535 5241 594 5311 μετὰ
609 5248 657 5296 τῶν
681 5242 799 5299 Ἰνδικῶν.
820 5247 920 5299 bieures
933 5245 1007 5301 Indis
1050 5250 1120 5300 enim
1138 5249 1213 5318 ὅρμος
1229 5247 1271 5300 ilie
1283 5265 1343 5300 curn
1354 5249 1486 5302 Vincento
1499 5249 1526 5301 in
1540 5247 1682 5301 barbarico
1699 5245 1760 5300 ludi
1780 5263 1837 5300 eru·
