3950 5925
220 394 275 443 ara
812 369 816 377 “
948 391 1110 451 aarum
1773 388 1877 465 (απ.)

234 536 290 574 ·tt.
309 514 515 575 Εἰσῦαλλόντων
540 514 567 572 δὲ
591 516 625 579 είς
648 514 691 573 τθν
712 518 800 575 (tuor
823 518 850 574 ἐν
875 518 1001 599 ἀριστερᾷ
1082 542 1123 577 ιι.
1141 525 1302 578 Intrantibus
1311 524 1550 579 Phasimasinistra
1558 526 1678 597 positum
1687 524 1877 593 estsignum

216 601 492 681 ίδρυτοιιήΦασιανή
508 602 573 667 θεάς.
618 602 668 674 itta
683 602 705 660 δ’
719 603 751 661 ἂν
764 606 818 662 άπά
829 628 858 682 γε
872 611 917 664 τοῦ
931 606 1001 686 σχή-
1044 612 1099 676 deae
1111 613 1256 678 Phasianae,
1272 630 1350 682 quam
1362 631 1395 665 ex
1411 611 1495 665 forma
1506 622 1532 665 et
1541 613 1631 665 habitu
1645 620 1877 681 argumentum

217 714 299 766 ματος
311 690 510 771 τεκμαιρομένῳ
529 695 547 761 ή
561 688 632 747 Ῥέα·
644 690 690 750 καί
704 690 756 769 γάρ
776 691 912 767 κύμῦαλσν
933 692 1001 768 μετὰ
1044 699 1240 769 petensRheam
1251 697 1413 751 oesedixeris
1425 716 1431 750 :
1443 709 1537 751 namet
1549 696 1712 769 cymbalum
1729 696 1877 749 manibus

216 786 306 857 χεῖρας
316 776 385 856 ἔχει,
399 776 444 835 καὶ
465 776 571 843 λέοντας
586 776 636 835 ὑπὸ
655 780 692 856 τῷ
710 778 806 857 θρόνῳ,
820 777 866 836 καί
887 779 1001 851 κάθηται
1045 796 1125 851 tenet,
1140 796 1166 839 et
1183 786 1270 839 leones
1281 785 1359 839 habet
1380 786 1407 838 in
1422 786 1474 839 ima
1491 786 1579 839 throni
1596 798 1690 857 parte,
1723 784 1876 853 sedetque

188 866 306 945 ιῶσπερ
331 868 357 923 ἐν
380 868 418 944 τῷ
442 864 567 947 Μητρῴῳ
593 864 731 935 Ἀθήνησιν
758 870 775 935 ί,
801 870 850 924 τοῦ.
875 867 998 927 Φειδίου.
1044 872 1138 925 eodem
1152 871 1233 925 modo
1244 882 1324 942 atque
1336 870 1377 924 iila
1389 872 1416 923 in
1430 872 1534 924 Metroo
1548 872 1735 935 Atheniensi,
1759 869 1875 924 Phidiae

217 952 348 1011 Ἐνταῦθα
365 952 411 1009 καὶ
431 956 448 1022 ἡ
467 951 570 1030 ἄγκυρα
585 951 716 1009 δείκνυται
730 954 777 1021 τῆς
791 950 904 1030 Ἀργοῦς·
924 953 1000 1023 καὶὴ
1044 976 1122 1029 opus.
1159 956 1262 1011 Ibidem
1276 959 1354 1010 etiam
1365 976 1462 1010 ancora
1476 958 1562 1027 Argus
1575 960 1647 1011 navis
1659 955 1873 1011 ostenditur:

217 1039 264 1115 μὲν
279 1040 374 1118 σιδηρᾶ
384 1040 432 1097 οῦκ
445 1036 516 1106 ἔδοξέ
531 1060 576 1113 μοι
590 1028 656 1095 εἶναι
671 1036 772 1096 παλαιά
786 1036 891 1118 (καίτοι
905 1036 935 1095 ab
950 1038 999 1113 μέ·
1044 1063 1103 1116 quoe
1112 1057 1200 1099 tamen
1211 1062 1294 1116 quum
1305 1045 1387 1098 ferrea
1396 1048 1439 1111 sit,
1453 1064 1505 1098 non
1516 1046 1581 1099 mihi
1595 1048 1648 1099 visa
1656 1056 1705 1099 est
1716 1046 1853 1115 antiqua
1865 1062 1872 1097 .·

215 1130 288 1201 γεθος
302 1126 331 1183 σθ
353 1125 421 1183 raath
441 1126 487 1205 τὰς
501 1130 546 1182 νῦν
565 1124 680 1202 ἀγκύρας
703 1125 773 1196 ἐστὶ,
789 1124 835 1183 καί
854 1123 885 1183 ab
907 1129 1001 1204 σγῆμα
1044 1150 1203 1203 quamquam
1221 1130 1403 1201 magnitudine
1417 1132 1515 1185 recedit
1526 1132 1559 1185 ab
1572 1132 1721 1185 hodiernis
1734 1134 1871 1193 ancoris,

216 1212 342 1291 ἀμηγέπη
357 1212 577 1291 ἐξηλλαγμένη),
591 1210 660 1269 άλλίι
675 1211 787 1290 νεωτέρα
805 1235 849 1286 μοι
864 1212 945 1291 ἐφάνη
960 1204 1002 1270 εί·
1044 1230 1071 1273 σι
1083 1220 1166 1273 sonna
1180 1219 1278 1290 aliquid
1287 1220 1366 1273 hahet
1377 1220 1507 1289 singulare
1523 1220 1585 1274 :sed
1596 1220 1801 1273 nihilominus
1814 1220 1872 1271 istis

176 1307 203 1356 to
216 1324 259 1359 ναι
276 1306 321 1359 τοῦ
347 1299 450 1381 χρόνου·
474 1299 574 1371 λιθίνης
597 1299 628 1357 δέ
646 1320 714 1365 τινος
736 1299 818 1369 ἄλλης
844 1298 1001 1378 θραύσματα
1045 1308 1256 1375 Argonautarum
1266 1305 1625 1375 temporibusreeentioresse
1636 1306 1709 1357 mihi
1729 1308 1800 1357 visa
1812 1318 1865 1358 est.

215 1388 347 1446 ἐδείκνυτο
364 1386 485 1461 παλαιδι,
507 1390 543 1454 ῶς
562 1392 646 1445 ταῦτα
669 1387 768 1461 μᾶλλον
790 1385 894 1444 εἰκάσαι
914 1387 1001 1443 ἐκεῖνα
1044 1396 1080 1447 Aa
1089 1392 1193 1446 alterius
1204 1392 1339 1463 cujusdam
1349 1392 1456 1464 lapideae
1463 1410 1565 1445 ancorae
1575 1393 1733 1463 fragmenta
1748 1404 1866 1446 vetuste

215 1466 282 1535 ebat
296 1474 330 1533 τά
342 1475 455 1558 λείψανα
473 1479 520 1546 τῆς
534 1473 650 1555 ἀγκύρας
663 1478 709 1538 τῆς
723 1472 838 1551 Ἀργοῦς.
879 1470 959 1532 Ἄλλο
973 1472 1001 1531 δὲ
1045 1478 1234 1543 monstrabant,
1259 1489 1290 1532 ιιι
1306 1480 1352 1532 has
1374 1478 1462 1550 potius
1480 1478 1603 1549 conjicies
1627 1480 1726 1549 Argus
1745 1499 1868 1532 ancorae

216 1563 288 1622 οὐδὲν
303 1562 447 1640 ὑπόμνημα
460 1552 494 1635 ἦν
508 1566 618 1621 ἐνταῦθα
631 1564 683 1619 τῶν
696 1559 785 1638 μύθων
806 1564 857 1619 τῶν
873 1560 941 1641 ἀμφὶ
956 1560 1001 1619 τὸν
1044 1567 1166 1638 reliquias
1186 1585 1250 1620 esse.
1289 1566 1397 1619 Nullum
1410 1577 1534 1639 preterea
1552 1568 1588 1620 ibi
1605 1586 1716 1634 eorum,
1739 1586 1815 1638 quae
1833 1568 1869 1619 de

216 1651 334 1710 Ἰάσονα.
1044 1657 1137 1707 Iasone
1151 1654 1244 1707 sabulis
1261 1652 1420 1725 produntur,
1436 1664 1637 1705 monumentum
1649 1654 1806 1707 exstabat.

174 1760 200 1799 ta
258 1758 290 1797 ta.
312 1736 353 1797 Τὸ
369 1736 458 1814 μέντοι
472 1735 592 1817 φρούριον
615 1734 694 1808 absh,
713 1733 806 1815 ἵναπερ
819 1733 947 1805 κάθηνται
959 1758 1000 1793 τε·
1084 1745 1237 1814 12.ipsum
1258 1759 1321 1794 vero
1341 1740 1492 1804 castellum,
1516 1742 1543 1793 iu
1566 1758 1622 1811 quo
1644 1740 1864 1811 quadringenti

215 1825 348 1904 τρακάσιοι
361 1829 520 1905 στρατιῶται
534 1823 680 1897 ἐπίλεκτοι,
695 1826 728 1899 τῇ
743 1845 771 1880 τε
793 1821 867 1901 φύσει
882 1827 928 1880 τοῦ
939 1845 1002 1901 χω-
1045 1827 1119 1881 electi
1138 1828 1232 1880 milites
1252 1826 1461 1891 sunt'collocati,
1474 1836 1501 1879 et
1516 1826 1566 1878 loci
1581 1837 1674 1879 natura
1690 1828 1863 1879 munitissi-

216 1915 272 1992 ρίου
283 1911 450 1993 ὀχυρώτατον
463 1903 528 1969 εἶναί
541 1934 586 1987 μοι
599 1910 684 1983 ἔδοξε,
699 1910 744 1968 καί
756 1911 782 1969 ἐν
797 1910 1002 1991 ἐπιτηδειοτάτῳ
1045 1934 1120 1970 mum
1140 1917 1204 1969 mihi
1215 1917 1299 1968 visum
1311 1925 1360 1980 est,
1372 1925 1398 1967 et
1409 1925 1606 1986 peropportune
1617 1916 1699 1967 situm
1715 1914 1760 1967 ad
1778 1934 1861 1973 soru-

216 2006 317 2060 κεῑσθαι
333 2004 399 2080 πρὸς
418 1999 564 2081 ἀσφάλειαν
586 2001 638 2055 τῶν
659 1998 743 2076 ταύτῃ
764 1997 904 2057 πλεόντων.
947 2000 1001 2058 Καί
1045 2006 1147 2058 ritatem
1170 2022 1202 2056 eo
1224 2003 1419 2075 appellentium.
1459 2005 1537 2055 Fossa
1560 2020 1651 2055 murus
1670 2004 1796 2056 cinctus
1819 2015 1860 2056 est

215 2088 311 2168 τάφρος
325 2090 406 2159 διπλῆ
419 2087 610 2166 περιῦίάληται
621 2089 660 2167 τῷ
670 2087 766 2166 τείχει,
779 2088 866 2166 εὐρεῖα
877 2085 1000 2165 ἑκατέρα.
1045 2091 1144 2162 duplici
1155 2091 1266 2161 lataque.
1304 2091 1374 2143 Olim
1381 2100 1499 2143 terrenus
1511 2090 1562 2143 suit
1576 2108 1677 2155 murus,
1690 2090 1858 2161 ligneaque

175 2196 203 2237 aa
219 2178 308 2236 Πάλαι
331 2175 378 2253 μὲν
400 2168 446 2235 οῦν
467 2175 557 2253 γήϊνον
580 2174 610 2232 τὸ
632 2175 718 2254 τεῖχος
737 2166 770 2245 ἦν
793 2173 838 2231 καί
861 2175 884 2232 σί
906 2172 1002 2253 πύργοι
1046 2180 1149 2233 stabant
1163 2190 1262 2244 turres;
1274 2188 1300 2231 at
1315 2196 1387 2230 natac
1398 2178 1440 2230 ille
1455 2180 1553 2249 pariter
1565 2189 1644 2248 atque
1654 2188 1748 2231 turres
1765 2197 1805 2231 ex
1820 2180 1857 2231 la-

218 2264 315 2332 ξιίλινοι
326 2264 519 2343 ἐφεστήκεσαν,
531 2267 577 2319 νῦν
589 2261 617 2320 δέ
632 2264 662 2321 ἐκ
676 2261 783 2320 πλίνθου
797 2263 878 2332 ὀπτῆς
889 2261 1003 2331 πεποίη-
1046 2277 1101 2319 tere
1113 2266 1199 2319 coctili
1213 2274 1275 2317 sunt
1288 2274 1436 2329 exstructa;
1451 2265 1506 2335 ipse
1525 2282 1616 2316 murus
1639 2264 1725 2335 probe
1742 2264 1852 2317 suardu-

215 2376 260 2410 ται
270 2352 317 2411 καί
331 2351 395 2410 αὐτὸ
408 2350 454 2410 καί
468 2353 492 2408 οἱ
511 2348 622 2428 πάργοι,
642 2351 688 2407 καί
708 2348 894 2425 τεθεμελίωται
908 2351 1000 2429 α’σφα-
1047 2362 1089 2405 tus
1099 2362 1138 2404 eat
1150 2350 1176 2403 e't
1187 2350 1320 2403 machinas
1332 2350 1466 2420 impositas
1479 2348 1566 2415 habet,
1579 2360 1658 2421 etque
1677 2368 1736 2403 uno
1761 2351 1853 2403 verbo

168 2506 172 2519 Ι
215 2440 282 2511 λῶς,
306 2437 352 2496 καί
374 2436 494 2517 μηχαναί
519 2438 662 2517 ἐφεστᾶσι,
681 2436 727 2496 καί
750 2436 788 2494 tvi
809 2434 898 2516 λόγῳ,
919 2445 1000 2495 πᾶσιν
1046 2437 1170 2491 omnibus
1190 2437 1269 2490 rebus
1283 2438 1317 2488 ita
1331 2447 1370 2489 εει
1388 2436 1545 2500 instructus,
1560 2446 1590 2488 ut
1607 2435 1695 2490 nullus
1715 2436 1850 2489 barbaris

216 2525 354 2605 ἐξήρτυται
362 2526 427 2605 πρὸς
437 2524 467 2583 τὸ
480 2526 547 2601 μηδὲ
557 2524 673 2583 πελάσαι
684 2524 716 2583 άν
727 2546 784 2581 τινα
794 2524 866 2603 αὐτῷ
876 2526 927 2581 τῶν
939 2528 1001 2604 βαρ·
1045 2522 1132 2577 aditus
1147 2533 1244 2595 pateat,
1265 2522 1385 2592 illiusque
1402 2520 1524 2574 custodes
1537 2520 1570 2575 ab
1590 2523 1663 2575 omni
1682 2524 1737 2575 sint
1754 2540 1849 2595 oppu-

175 2634 203 2673 αα
217 2614 319 2693 θάρων,
333 2614 426 2693 μήτιγε
441 2611 473 2684 δὴ
488 2615 524 2680 είς
537 2612 654 2671 κίνδυνον
669 2616 836 2682 καταστῆσαι
850 2613 1001 2689 πολιορκίας
1046 2608 1374 2679 gssfllissnlsperlffllolufi·
1412 2608 1547 2675 Quoniam
1561 2618 1650 2660 aulem
1664 2608 1756 2678 ipsum
1771 2626 1844 2679 ‘1¹10-

216 2701 275 2769 τοίις
289 2704 316 2759 ἐν
326 2703 398 2780 αὐτῷ
408 2705 595 2783 φρουροῦντας.
638 2698 748 2770 Ἐπειδὴ
764 2698 847 2757 δὲκαὶ
861 2698 905 2756 τὸν
919 2694 1000 2777 ὅρμον
1045 2716 1097 2768 que
1109 2708 1216 2769 portum
1228 2697 1346 2767 oportuit
1357 2695 1466 2748 naribus
1484 2706 1571 2748 tutum
1583 2708 1690 2759 esse‚et
1700 2697 1844 2767 quidquid

216 2795 297 2871 ἐχρῆν
310 2792 416 2869 ἀσφαλῆ
428 2780 495 2847 εἶναι
507 2788 564 2855 ταῖς
576 2786 662 2860 ναυσί,
675 2788 720 2846 καί
733 2786 783 2845 ὅσα
795 2785 844 2855 ἔξω
857 2792 903 2845 τοῦ
920 2809 1001 2867 φρου-
1044 2782 1164 2836 locorum
1178 2793 1250 2835 extra
1264 2792 1378 2834 castrum
1391 2782 1514 2835 incolitur
1523 2782 1557 2834 ab
1569 2782 1600 2833 iis
1611 2784 1658 2852 qui
1668 2782 1765 2835 militia
1776 2794 1843 2835 sunt

217 2880 273 2954 ρίου
287 2877 433 2955 κατῳκεῖτο
452 2876 504 2933 ὑπό
518 2898 547 2932 τε
559 2878 610 2932 τῶν
625 2874 799 2948 πεπαυμένων
815 2879 861 2946 τῆς
877 2882 1001 2952 στρατιᾶς
1045 2872 1193 2934 immunffir
1205 2880 1232 2922 ⁰²
1244 2868 1278 2922 fib
1289 2868 1345 2921 'llis
1354 2866 1513 2937 qlllbffidffl
1524 2878 1698 2921 mmmm
1708 2886 1843 2921 mm·

216 2965 262 3024 καί
274 2989 351 3022 τινων
369 2964 415 3023 καί
430 2964 517 3022 ἄλλων
534 2966 684 3044 ἐμπορικῶν
696 2963 854 3042 ἀνθρώπων,
871 2962 941 3031 ἔδοξά
956 2985 1001 3039 μοι
1046 2957 1132 3022 llblssr
1145 2954 1249 3009 demisi
1261 2973 1276 3008 θ
1290 2953 1387 3026 dUPllcl
1408 2953 1450 3007 5¹¹⁸
1465 2952 1532 3008 s0⁶⁵³
1546 2971 1653 3008 murum
1665 2955 1793 3024 cingente
1804 2954 1842 3006 ³¹·

178 3071 205 3113 aa
217 3053 270 3111 άπδ
292 3057 339 3123 τῆς
352 3055 445 3123 διπλῆς
463 3052 581 3132 τάφρου,
605 3052 623 3124 ri
646 3051 836 3132 περιῦέῦληται
854 3053 892 3133 τῷ
905 3049 1001 3130 τείχει,
1046 3055 1127 3098 imm
1142 3041 1175 3096 ad
1189 3043 1288 3095 flumen
1305 3058 1389 3111 usque
1406 3039 1553 3106 deducere,
1568 3059 1626 3110 ‘1¹¹ae
1639 3051 1666 3093 θῑ
1681 3041 1769 3112 llfflffl
1786 3051 1838 3092 ⁵¹³·

217 3140 301 3211 ἄλλην
316 3139 414 3221 τάφρον
428 3141 549 3200 ἐκῦαλεῖν
562 3143 597 3206 ὡς
617 3140 661 3197 ἐπί
675 3141 719 3199 τὸν
739 3140 874 3218 ποταμὸν,
889 3139 906 3214 al
921 3140 951 3197 τό
971 3163 1000 3199 τε
1047 3138 1186 3190 ll⁰1¹⁰¹1¹et
1204 3145 1306 3201 oelssfflr
1326 3150 1386 3205 ‘luie
1405 3143 1468 3187 ⁵¹¹¹st
1482 3143 1556 3186 ⁰²³³
1576 3151 1700 3200 mimir
1722 3133 1838 3186 ffidffiffl

215 3227 383 3305 ναύσταθμον
395 3229 506 3310 περιέξει
517 3227 563 3286 καί
574 3227 620 3296 τίις
633 3227 683 3297 ἔξω
696 3233 742 3287 τοῦ
756 3228 856 3307 τείχους
866 3227 958 3295 οίκίας.
1045 3221 1241 3293 COmPleolfllur·

258 3337 293 3377 ta.
316 3317 379 3376 Ἀπδ
394 3317 421 3376 δέ
435 3324 481 3375 τοῦ
498 3316 615 3383 Φάσιδος
632 3315 765 3395 Χαρίεντα
781 3315 899 3391 ποταμδν
913 3340 1001 3394 παρη·
1084 3317 1125 3368 13.
1154 3312 1309 3368 APhaside
1335 3323 1423 3366 autem
1448 3312 1616 3366 Charientem
1640 3311 1835 3380 (lucrandum)

216 3405 349 3486 μείψαριεν
369 3404 534 3484 ναυσίπορον·
550 3404 652 3464 στάδιοι
670 3402 768 3481 μεταξὺ
792 3407 889 3485 ἀμφοῖν
911 3403 1001 3474 ἐνενή-
1047 3401 1158 3455 fluvium
1177 3399 1347 3469 navigabilem
1362 3399 1523 3470 pruterrecti
1538 3415 1629 3450 sumus
1643 3413 1650 3450 ι
1665 3395 1748 3450 stadie
1764 3399 1834 3450 iuter

216 3630 270 3702 tyb.
284 3632 334 3694 IV,
357 3633 402 3691 42.
417 3628 511 3681 Strabo
524 3631 547 3692 1,
569 3647 598 3699 p.
618 3632 662 3697 49.
686 3627 805 3682 Macmh.
827 3630 880 3682 Sat.
896 3630 959 3692 vn,
971 3643 998 3679 α.
1044 3626 1202 3679 καθίστανται
1211 3625 1285 3696 σφίσι.
1300 3623 1346 3677 Καὶ
1359 3621 1568 3676 αίιτολένσπονδοί
1577 3640 1603 3674 τε
1616 3621 1657 3674 καί
1668 3621 1736 3692 φίλοι
1750 3619 1831 3691 ἀμφο-

217 3709 350 3763 Ammiao.
366 3709 454 3770 XXII,
468 3710 495 3772 8,
516 3711 560 3771 16.
575 3706 725 3760 Philostrat.
740 3709 839 3776 Imagg.
859 3708 882 3772 1,
907 3707 953 3771 13,
966 3705 1002 3758 ci·
1043 3705 1119 3774 τέροις
1133 3703 1256 3757 ἐθέλουσιν
1270 3700 1350 3768 εἶναι,
1365 3701 1421 3764 τοιίς
1432 3721 1458 3754 τε
1473 3700 1497 3763 ἐξ
1506 3699 1625 3771 ἑκατέρων
1635 3699 1700 3768 παρὰ
1708 3700 1766 3760 τοῦς
1780 3699 1831 3752 ἑτέ·

217 3798 289 3842 tante
301 3787 403 3840 Ulterto
416 3788 466 3847 111,
482 3803 508 3850 α,
519 3803 546 3856 p.
560 3787 620 3855 173.
1045 3802 1099 3852 ρους
1110 3781 1148 3836 ἀεί
1158 3781 1337 3852 στελλομένους
1354 3779 1510 3851 παραπέμψαι
1521 3781 1637 3846 διηνεκῶς
1648 3778 1827 3849 ὡμολόγησαν.

254 3871 270 3936 5
284 3871 327 3932 11,
341 3865 361 3920 Ι.
377 3883 400 3918 1.
414 3864 443 3917 lv
456 3863 631 3936 ἀριστερᾷ]
643 3864 684 3918 Cf.
699 3865 785 3936 Apoll.
799 3865 851 3917 llh'.
863 3867 900 3928 11,
914 3867 981 3915 1266
994 3878 1000 3913 2
1045 3861 1078 3914 Ὃ
1089 3860 1118 3927 δὴ
1131 3862 1259 3932 φαίνονται
1267 3860 1309 3913 καί
1318 3859 1393 3930 ἐςέμέ
1402 3861 1514 3929 δρῶντες.
1527 3856 1624 3929 ἀκάτοις
1633 3857 1682 3929 γὰρ
1693 3857 1763 3920 ίδίαις
1775 3858 1830 3918 τοῦς

220 3949 399 4016 (Argonautae
413 3945 440 3997 in
457 3944 553 3998 Phasin
564 3945 742 4013 innavigantes
757 3947 767 4011 )
781 3943 842 4014 ἔχον
858 3943 881 3994 δ’
894 3941 931 3996 ἐπ’
950 3940 1003 4010 ἂρι-
1043 3939 1196 4011 παρ’·έτέρου
1209 3938 1327 4009 βασιλέως
1336 3937 1359 3999 ἐς
1367 3937 1410 3990 τὸν
1423 3939 1506 4008 ἕτερον
1519 3936 1697 4008 στελλομένους
1707 3935 1829 4006 ἀγγέλους

217 4026 291 4098 στερδι
298 4031 387 4096 χειρῶν
399 4024 527 4077 Καύκασον
538 4023 655 4090 αἰπήεντα
667 4021 784 4077 Κυταιίδα
795 4042 821 4076 τε
828 4022 916 4076 πτόλιν
928 4018 1001 4089 Αἴης,
1044 4018 1232 4090 ναυτιλλόμενοι
1242 4017 1437 4088 παραπέμπουσι.
1452 4016 1536 4086 Φόρου
1554 4016 1636 4087 μέντοι
1646 4015 1775 4078 ῦποτελείς
1787 4015 1827 4068 eb-

216 4104 286 4158 ἐνθεν
298 4104 321 4156 δ’
335 4098 366 4155 αθ
379 4104 463 4156 πεδίον
472 4103 502 4156 th
516 4101 609 4173 Ἀρήιον
623 4101 677 4172 ἱερά
687 4103 709 4154 τ’
721 4102 786 4169 άλση
796 4104 851 4154 τοῖο
862 4101 927 4154 θεοῦ.
1000 4109 1003 4116 “
1043 4101 1110 4170 δαμῇ
1130 4100 1275 4170 γεγένηνται
1296 4097 1319 4158 ἐς
1332 4097 1387 4148 τόδε
1402 4099 1445 4148 τοῦ
1464 4097 1567 4166 χρόνου.
1591 4097 1745 4166 Sanigarum
1766 4114 1827 4164 gens

251 4188 324 4252 5¹²,
337 4182 358 4238 l.
372 4188 413 4235 ι6.
431 4185 471 4235 De
481 4181 608 4254 praesidiis
624 4184 749 4235 Romanis
761 4183 788 4234 in
799 4180 907 4234 castellis
920 4180 1003 4233 totius
1043 4191 1174 4250 postrema
1194 4189 1233 4230 est
1248 4193 1338 4229 earum
1357 4192 1421 4246 quas
1440 4175 1467 4227 in
1485 4175 1535 4230 hac
1546 4193 1592 4228 ora
1604 4175 1729 4228 Romanis
1740 4175 1825 4244 subje-

215 4261 295 4334 hujus
304 4273 402 4316 tractus
411 4262 446 4315 cl.
454 4263 566 4333 Procop.
577 4260 642 4314 uett.
654 4261 735 4315 Goth.
745 4263 795 4326 lv,
807 4278 823 4313 a
834 4278 863 4332 p.
876 4263 931 4322 466
940 4275 947 4310 z
960 4259 1003 4311 tt·
1044 4269 1097 4310 etas
1108 4257 1234 4310 Arrianus
1246 4264 1372 4308 recenset.
1389 4254 1445 4323 11-
1455 4255 1498 4306 αθ.
1515 4252 1563 4306 ἐνί
1583 4253 1690 4324 λόγῳ]
1707 4251 1731 4304 ἐν
1748 4249 1827 4322 ὀλίγῳ

215 4362 288 4414 γουσι
300 4341 343 4414 μὲν
351 4336 394 4394 οῦν
408 4341 441 4403 ῶς
450 4339 513 4394 κατὰ
526 4340 582 4402 τοῦς
594 4340 717 4412 Τραϊανοῦ
727 4343 771 4393 τοῦ
786 4339 917 4410 Ῥωμαίων
932 4337 1003 4390 αὖτο-
1043 4334 1116 4402 rod.;
1130 4353 1183 4388 em.
1195 4333 1347 4404 Bernhardy
1360 4334 1386 4385 in
1398 4332 1514 4386 Analect.
1531 4349 1559 4403 p.
1570 4349 1614 4385 ao.

216 4424 334 4493 αράτορος
352 4422 457 4492 χρόνους
482 4420 618 4490 κατάλογοι
640 4417 771 4490 Ῥωμαίων
789 4423 944 4489 στρατιωτῶν
963 4416 1003 4470 lr-
1079 4418 1149 4482 §tu
1166 4410 1605 4484 APhasiusqueadSehastopolin
1618 4408 1827 4464 sivenioscuria-

216 4503 295 4555 ταῦθά
306 4519 333 4554 τε
348 4501 389 4554 καί
402 4502 474 4570 μέγρι
483 4498 507 4562 ἐς
515 4500 608 4561 halab:
622 4499 663 4552 καί
671 4500 778 4568 Σαγίδας
791 4498 861 4568 (leg.
872 4497 1002 4566 Σανίγας)
1044 4493 1103 4547 dem
1115 4494 1193 4547 series
1204 4494 1345 4545 fluviorum
1358 4491 1569 4563 oppidorumque
1578 4493 1614 4543 ita
1627 4488 1745 4542 hebetia
1758 4485 1826 4538 Tab.

216 4577 927 4651 ἵδρυντο.Τάθὲνῦνἅνθρωποιένταΰθαοίκοῦσινοὕτετοῦ
939 4574 1003 4628 Ῥω·
1044 4575 1176 4642 Peuting„
1200 4574 1298 4642 Geogr.
1319 4575 1383 4625 ilar.
1404 4571 1440 4635 V,
1459 4587 1491 4624 το
1504 4579 1530 4622 et
1550 4571 1591 4634 11,
1619 4585 1668 4633 aa,
1689 4565 1827 4620 Plolernaeu

218 4662 298 4732 μαίων
310 4659 365 4713 οὔτε
381 4663 425 4712 τοῦ
437 4661 522 4721 Λαζῶν
541 4659 659 4729 βασιλέως
669 4658 787 4724 κατήκοοι
798 4659 881 4721 ὄντες,
894 4657 959 4722 πλήν
972 4677 1002 4726 γε
1044 4656 1079 4719 V,
1098 4671 1138 4718 to,
1149 4653 1253 4725 Scylace
1267 4654 1335 4720 881,
1344 4651 1430 4704 Plinio
1438 4652 1487 4716 vt,
1501 4652 1527 4714 d,
1544 4653 1575 4713 tl.
1590 4665 1596 4701 ε

217 4738 247 4808 δὴ
267 4741 305 4795 ὅτι
323 4740 475 4812 Χριστιανοῖς
488 4733 557 4792 οῦσιν
572 4739 596 4790 οἱ
611 4741 700 4800 ’Λαζῶν
722 4736 848 4791 ἐπίσκοποι
861 4736 917 4798 τοῦς
930 4734 1003 4806 ἱερεῖς
