3950 5925
287 390 362 431 xxrv
934 378 1238 443 PROLEGOMENA.

285 502 1067 589 lamprseivissedicit.thphelamigiturCyrenaeum,
1110 536 1176 574 nem
1196 536 1297 595 parum
1315 518 1487 596 explicatam
1506 533 1536 578 et
1558 521 1682 581 colorem
1701 533 1867 605 temgriuuru
1946 535 1947 558 ³

285 600 547 677 pveripliauctorem
564 602 722 679 (Marcian.
732 603 886 683 lleraclp.
900 608 937 664 63
950 607 986 667 ll.
997 608 1019 685 l,
1030 628 1067 667 ex
1111 612 1236 671 indura
1254 614 1434 674 minutorum
1448 636 1586 675 masuam
1608 624 1868 698 compositionc,sia

283 714 342 771 quo
363 714 416 755 sua
439 696 641 757 Eratosthenes
666 699 803 771 duxerat,
828 702 916 761 etiam
945 723 1010 780 qaae
1030 705 1067 762 de
1111 720 1143 766 ut
1156 708 1280 784 cogitata
1300 711 1422 769 summis
1431 723 1542 769 tantum
1562 711 1649 771 lineis
1667 715 1866 781 adumbrentur.

284 792 435 851 Hannonis
447 793 552 852 itinere
568 795 709 853 Arrianus
719 795 825 870 habet,
841 799 1067 859 reserendaesse
1110 800 1146 859 Et
1158 801 1219 859 haec
1229 804 1348 880 quidem
1363 803 1530 885 observatio
1541 819 1688 879 certaest;
1701 811 1748 869 scd
1769 811 1869 875 Hanno-

282 888 368 948 duco.
389 889 516 967 Ophelas
536 904 630 949 autem
648 891 700 949 vix
711 891 845 953 diversus
857 906 900 952 est
919 893 957 953 ab
974 894 1066 972 Olyn·
1110 916 1175 954 nem
1188 897 1291 955 ducem
1313 897 1613 975 Carthaginiensium,
1630 922 1703 979 quos
1713 919 1816 966 coastat
1833 931 1869 969 ar·

282 986 344 1045 thio
358 988 410 1045 illo
426 986 693 1063 (Pseudo-Ariston
706 988 811 1047 OEcou.
826 1010 855 1059 a,
874 990 910 1047 35
921 992 929 1067 )
942 992 995 1067 qui
1010 991 1066 1049 sub
1110 1010 1181 1049 caua
1187 1011 1247 1049 sure
1259 992 1387 1052 civitatis
1393 1006 1423 1051 et
1432 995 1566 1053 notitiam
1577 1016 1714 1055 cursuum
1723 1003 1870 1061 maritimo-

280 1080 439 1139 Ptolemaeo
452 1082 466 1140 1
481 1082 512 1140 in
527 1082 652 1161 AEgypto
665 1085 731 1157 fuit,
747 1084 852 1143 deinde
861 1084 975 1162 Cyrene
989 1088 1066 1165 poti·
1110 1106 1174 1144 rum
1199 1088 1343 1164 procula
1365 1089 1532 1166 peregrinis
1561 1090 1647 1149 anxie
1679 1094 1868 1173 custodivisse,

281 1190 398 1251 tuaest,
428 1198 482 1239 nec
497 1198 532 1237 ec
548 1198 639 1254 regno
654 1194 807 1241 contentas
821 1180 993 1256 περιιὸάλιιο
1008 1189 1066 1247 ταῖς
1109 1199 1175 1257 que
1189 1200 1276 1239 causa
1289 1182 1335 1239 vel
1348 1202 1543 1259 quorumnam
1563 1188 1634 1242 usus
1647 1192 1870 1249 commoverede-

278 1273 367 1333 ilarius
379 1274 484 1349 μείζονα
497 1274 651 1335 δυναστείαν
664 1279 674 1353 l
688 1276 809 1336 Diodcr.
827 1276 889 1348 XX,
903 1287 951 1346 lo,
969 1299 980 1337 ι
998 1279 1016 1354 l,
1037 1291 1066 1336 et
1108 1272 1174 1333 buit
1187 1286 1220 1331 ut
1231 1278 1470 1335 commentarium
1492 1297 1576 1336 suum
1595 1277 1727 1338 Graeeum
1740 1282 1835 1343 laceret
1844 1301 1868 1344 et

278 1369 564 1445 Carthaginiensium
583 1372 738 1449 imperium
755 1386 886 1431 evertere
903 1363 1064 1450 cum'hga·
1108 1369 1191 1447 quasi
1202 1367 1385 1446 bilinguem?
1397 1370 1499 1449 ltaque
1511 1371 1868 1454 rectellugias,tbcolcgus
1946 1409 1947 1412 ι

280 1466 376 1525 thocle
385 1469 705 1542 aggressusest.Virum
717 1467 860 1545 ejusmodi
871 1472 996 1531 coasilia
1007 1472 1066 1547 agi·
1107 1467 1178 1525 clim
1202 1468 1438 1540 literatissimus,
1459 1469 1513 1545 qui
1534 1470 1568 1527 in
1595 1469 1695 1529 libello
1718 1474 1868 1533 academico
1946 1527 1947 1538 .

281 1574 388 1621 tantem
410 1562 567 1641 probabile
580 1560 623 1623 est
642 1558 722 1622 vires
740 1564 1025 1640 Carthaginiensium
1036 1579 1065 1624 et
1107 1560 1190 1620 Frib.
1207 1564 1281 1621 1808
1292 1562 1370 1620 huuc
1383 1563 1534 1641 Periplurn
1544 1564 1713 1638 illustravit,
1724 1587 1785 1625 cum
1797 1580 1870 1627 aritea

278 1658 422 1718 ditionem
443 1659 612 1736 explorasse
631 1672 660 1719 et
671 1679 729 1717 orte
740 1661 895 1719 maritimae
914 1662 1064 1739 periplum
1107 1658 1327 1717 conversionem
1338 1658 1594 1738 aSiculoqaodam
1608 1660 1773 1721 fabricatam
1785 1684 1872 1743 sump-

279 1754 449 1831 collegisse,
468 1753 687 1831 adhibitisque
707 1774 723 1812 e
740 1768 890 1815 nautarum
903 1774 1063 1830 graecoruna
1106 1753 1205 1823 sisset,
1220 1766 1321 1831 postea
1332 1757 1416 1830 p.·3r
1433 1754 1539 1814 Punici
1549 1756 1662 1831 ingenii
1672 1758 1873 1835 stiliquevesti·

278 1860 307 1905 et
322 1868 478 1925 paenorum
498 1847 717 1907 narrationibus
732 1864 760 1907 et
774 1849 960 1925 Carthaginis
979 1849 1063 1908 urbis
1106 1850 1164 1924 giis
1174 1849 1338 1909 observatis
1353 1870 1416 1908 eam
1430 1851 1468 1909 ad
1483 1851 1747 1928 Carthaginiensem
1759 1854 1802 1911 rel
1813 1854 1873 1911 Pae·
1946 1903 1947 1906 ,

278 1930 475 2001 monumentis
489 1944 653 2021 comparari
670 1957 791 2021 possent
799 1942 953 2003 subsidiis.
1105 1964 1176 2003 aum
1191 1944 1339 2003 hominem
1359 1946 1487 2017 rettulit,
1505 1947 1557 2023 qui
1577 1966 1631 2024 per
1650 1948 1872 2007 commerciorum

317 2039 1060 2117 35.Jameoadducimurutquseramuscuinamver·
1105 2039 1334 2098 necessitudines
1350 2040 1452 2098 Graece
1471 2040 1632 2099 didicisset.
1659 2040 1786 2113 Etenim,
1803 2042 1872 2118 quod

277 2134 321 2192 sio
332 2154 424 2210 graeca
438 2134 515 2192 tituli
530 2136 633 2213 punici
645 2135 823 2193 vindicanda
836 2137 883 2194 sit.
899 2135 963 2205 Qua
974 2136 1011 2194 de
1028 2156 1062 2195 re
1104 2133 1255 2210 addimus,
1271 2134 1336 2212 ipsa
1360 2134 1505 2209 Carthago
1529 2134 1712 2193 liberrimam
1736 2137 1872 2212 utriusque

276 2228 409 2307 potiores
435 2230 567 2287 virorum
601 2230 754 2289 doctorum
777 2230 934 2288 sententias
959 2232 1061 2309 paucis
1104 2231 1232 2289 nationis
1255 2243 1284 2289 et
1307 2232 1452 2290 sermonis
1481 2231 1608 2310 praebuit
1631 2232 1872 2300 consuetudinem,

278 2322 498 2403 comprehendit
508 2325 713 2402 bernhardyus
728 2326 759 2383 in
771 2327 900 2385 Analect.
916 2326 1060 2402 inGeogr.
1105 2323 1156 2383 ubi
1170 2327 1267 2384 coloni
1280 2325 1376 2384 Greci
1388 2328 1451 2384 suis
1462 2326 1572 2405 opibus
1587 2328 1717 2403 insigues
1732 2327 1871 2405 popularis

277 2420 349 2479 min.
366 2440 395 2497 p.
419 2438 454 2495 19
473 2440 506 2475 :a
531 2419 662 2478 Graecam
687 2421 866 2491 oraticnem,
888 2420 998 2499 inquit,
1015 2433 1062 2479 te-
1104 2419 1332 2478 sacracolebant
1346 2420 1400 2495 (V.
1417 2421 1540 2479 Diodor.
1555 2420 1634 2494 xlv,
1660 2442 1696 2495 77
1709 2421 1720 2500 )
1731 2447 1758 2480 s.
1776 2418 1870 2477 Verum

276 2534 354 2573 mere
380 2516 589 2594 Campomanes
612 2536 642 2594 p.
667 2514 702 2577 15
730 2534 794 2593 sqq.
814 2514 851 2573 ab
879 2515 945 2594 ipsa
973 2517 1062 2575 totius
1104 2514 1191 2591 Hugii
1204 2534 1323 2592 quoque
1332 2516 1475 2574 sententia
1484 2514 1576 2575 debili
1585 2516 1691 2575 aititrar
1705 2528 1873 2591 argumenta·

275 2612 471 2689 expeditionis
507 2613 581 2671 duce
610 2611 769 2690 repetebat.
806 2612 915 2690 Nempe
946 2611 1062 2675 nobiles
1105 2613 1198 2680 tione,
1213 2611 1391 2686 minimeque
1405 2612 1497 2689 liquet
1508 2631 1579 2670 num
1592 2610 1703 2671 Pranus
1715 2631 1752 2669 an
1764 2611 1872 2667 Graecus

275 2708 529 2785 Carthaginienses
556 2708 657 2767 Graece
683 2708 828 2780 sciebant,
855 2713 940 2787 pauci
972 2711 1059 2768 etiarn
1103 2705 1192 2763 homo
1206 2705 1350 2765 versionis
1364 2719 1465 2765 auctor
1485 2706 1583 2766 luerit.
1602 2706 1633 2765 Si
1649 2705 1722 2783 qaid
1736 2704 1871 2784 peregrini
1946 2755 1947 2758 ,

274 2804 470 2883 probabiliter
484 2804 670 2887 scribebaat3
693 2806 876 2885 eundemque
889 2806 1060 2863 llannonem
1103 2802 1190 2860 babet
1207 2804 1301 2861 oratio
1314 2803 1375 2882 Γ),
1391 2802 1423 2860 id
1444 2822 1462 2859 a
1474 2802 1577 2860 Graeco
1589 2814 1723 2874 auctore,
1745 2800 1872 2858 mediocri

275 2904 387 2981 illepro
402 2914 519 2962 auctore
529 2900 617 2962 habet
633 2901 891 2962 senatus-consulti
901 2902 971 2959 satis
984 2920 1060 2978 per·
1102 2899 1248 2957 sermonis
1261 2899 1374 2956 artilice
1387 2910 1416 2957 et
1428 2897 1464 2955 ad
1476 2898 1615 2976 punicum
1632 2896 1779 2976 exemplar
1790 2894 1871 2953 verba

272 2999 353 3073 plexi
366 2997 443 3075 apud
454 2997 603 3056 tustinum
614 2996 678 3068 XX,
694 2998 728 3068 5,
744 3016 782 3054 ne
796 2997 862 3074 quis
877 3009 977 3074 postea
990 2996 1061 3054 Car·
1102 2994 1348 3066 accommodante,
1366 3013 1428 3051 non
1441 2994 1558 3050 minure
1570 2994 1634 3051 aeri
1648 2993 1744 3070 specie
1753 3002 1872 3069 repetere

274 3092 463 3167 tluginiensis
484 3105 533 3150 aut
555 3093 649 3151 literis
671 3091 840 3154 Graecarum
863 3104 914 3150 aut
931 3091 1059 3149 sermoni
1103 3089 1717 3167 licetquamaPoenolinguaegraecaeparum
1726 3085 1873 3165 peritodc

272 3187 408 3245 studeret.
434 3185 516 3244 llaud
537 3185 710 3265 prudentior
728 3186 782 3250 luit
805 3185 905 3260 Klugii
929 3186 1059 3263 suspicio
1101 3177 1873 3260 Graecumluisseversiunisaurtoremperseprobabi·

272 3301 300 3360 p.
315 3283 345 3353 6,
370 3281 539 3342 Hannonem
562 3280 673 3339 scilicet
690 3279 776 3338 bellis
791 3279 916 3344 Persicis
926 3280 1058 3357 superio·
1102 3279 1159 3336 lius
1169 3290 1221 3338 est.
1232 3276 1367 3336 Ceterum
1374 3277 1491 3336 titulum
1507 3289 1640 3335 nostrum
1651 3289 1786 3354 unquam
1794 3293 1872 3352 pecu·

271 3396 332 3436 rem
347 3376 478 3438 Graecam
490 3375 620 3452 linguam
632 3375 820 3446 calluissent
835 3375 886 3452 qui
899 3373 1056 3450 Syracusa·
1102 3373 1353 3450 liareopasculam
1359 3391 1413 3451 per
1423 3371 1615 3430 multasecula
1622 3384 1874 3450 propagatamesse

270 3493 336 3532 nam
344 3472 495 3533 mulierem
508 3469 1056 3549 duxissetl*);abeoigiturmonumea·
1101 3487 1161 3531 aun
1176 3467 1279 3540 credo,
1306 3468 1356 3526 sed
1377 3466 1621 3545 quemadmodum
1646 3467 1781 3544 laederis,
1800 3464 1873 3541 quod

270 3583 330 3628 tana
339 3567 480 3626 Punicum
492 3567 668 3642 Carthagine
679 3566 865 3624 constitutum
879 3565 910 3622 in
920 3565 1055 3623 Graecum
1098 3563 1225 3625 Romani
1243 3582 1309 3622 cum
1324 3562 1424 3620 Ptenis
1441 3562 1585 3633 inierant,
1599 3562 1766 3621 versionem
1779 3576 1875 3618 serva-

270 3679 432 3723 sermonem
445 3679 509 3722 esse
524 3661 713 3732 translatum,
729 3659 785 3718 huc
798 3658 934 3718 accedere
948 3661 1054 3718 cratio-
1100 3658 1144 3716 vit
1165 3656 1321 3734 Polybius,
1345 3669 1374 3714 et
1397 3669 1616 3715 monumentum
1638 3655 1823 3716 Adulitamurn
1845 3653 1873 3708 in

300 3849 332 3911 (*)
345 3850 445 3912 liugas
457 3863 481 3916 p.
494 3854 509 3902 t
521 3851 554 3900 ita
563 3849 636 3904 babet
650 3865 656 3900 ι
672 3871 684 3895 ι
696 3855 804 3904 Uxorem
816 3851 919 3901 duxerat
928 3853 1015 3901 ilaauo
1026 3847 1189 3912 sumansu,
1206 3859 1238 3897 ex
1249 3858 1299 3911 qua
1315 3845 1438 3896 ltamitmr
1447 3847 1519 3896 natus
1531 3847 1577 3896 est
1593 3847 1678 3908 ltaque
1688 3846 1719 3908 (r)
1732 3844 1795 3894 llius
1807 3849 1874 3910 syra·

268 3921 331 3970 cassu
344 3933 373 3970 eo
388 3923 496 3984 tempore
509 3922 715 3980 commorabatur,
727 3934 777 3983 qao
792 3921 816 3971 in
826 3920 872 3970 hac
888 3921 966 3972 insuia
979 3922 1077 3986 qurum
1095 3923 1148 3971 eun
1162 3931 1244 3970 reram
1258 3919 1337 3968 statas
1352 3921 1378 3968 et
1390 3916 1598 3980 muhadmemes
1611 3918 1773 3968 matrimoniis
1782 3917 1875 3981 absque

267 3991 388 4042 societatis
405 3991 576 4040 vinarlhsuas
588 3993 747 4054 pmsessioaes
766 3992 867 4041 latiores
885 3991 985 4044 reddere
998 3994 1024 4043 et
1042 3993 1186 4041 mermtara
1199 4003 1338 4052 progressas
1356 3989 1473 4051 adiuvare
1492 3990 1612 4052 μοθιιιιιθ.
1627 3991 1713 4046 Quum
1734 3988 1874 4039 rquraci

268 4073 364 4124 quoqne
382 4059 518 4121 trequentes
530 4059 599 4108 sedes
608 4059 640 4108 ibi
651 4059 822 4122 collocassent,
837 4063 999 4125 mutuamque
1017 4064 1081 4113 iuter
1094 4062 1139 4111 bos
1156 4063 1182 4111 et
1197 4061 1404 4122 Carthaginienses
1417 4059 1577 4111 intercederet
1591 4060 1777 4116 commercium,
1791 4055 1873 4108 aemiu'

268 4131 357 4180 miram
368 4128 497 4190 videbitur,
507 4129 739 4192 carthaginiensium
752 4135 910 4190 mercatores,
923 4133 1073 4195 principeset
1087 4130 1171 4189 daces,
1184 4133 1278 4180 Graecas
1288 4131 1377 4193 limate
1385 4129 1516 4190 studuisse,
1524 4131 1593 4191 cuius
1604 4129 1640 4180 rei
1651 4130 1762 4180 tustinus
1773 4130 1836 4190 (lix,
1850 4131 1875 4186 5)

267 4201 404 4262 exemplum
419 4200 489 4248 alieri
501 4203 634 4250 memoratu
647 4201 820 4264 dignissimum.
832 4206 895 4261 Quae
905 4217 981 4265 quum
991 4205 1024 4252 ita
1033 4203 1081 4252 sim
1094 4201 1179 4250 eodem
1192 4200 1249 4261 jure
1264 4215 1314 4265 qao
1325 4201 1399 4251 ceteri
1412 4203 1615 4251 commentatores
1623 4203 1744 4262 statuuat,
1757 4201 1875 4251 Hannonis

268 4268 385 4332 peaiplrun
401 4269 497 4318 Punicis
511 4268 585 4320 literis
596 4271 772 4333 musignatum,
785 4274 866 4332 poema
874 4283 889 4320 a
898 4272 980 4322 Siculo
991 4273 1071 4323 nescio
1081 4284 1130 4335 quo
1139 4273 1283 4335 carthagine
1291 4274 1463 4334 transcriptum
1476 4274 1502 4321 et
1509 4273 1534 4320 iu
1543 4275 1655 4322 (trenam
1665 4273 1774 4335 linguam
1780 4284 1874 4320 marer-

267 4351 322 4388 sum
333 4338 414 4396 latua.
432 4338 457 4388 id
471 4339 502 4390 ab
514 4341 631 4392 llaaaone
642 4339 703 4402 ipso,
722 4339 795 4402 greci
812 4342 929 4392 masonis
941 4355 1026 4405 gnaro,
1040 4345 1132 4394 hatum
1143 4343 1272 4394 contendo.
1289 4342 1416 4393 Probabile
1432 4343 1495 4392 enim
1507 4344 1553 4402 est,
1575 4344 1718 4391 ttaaacuem
1730 4340 1761 4390 ad
1781 4340 1875 4404 gloriam

267 4422 337 4459 saum
352 4409 375 4458 ia
392 4408 484 4471 Sicllim
496 4409 537 4459 abi
547 4413 705 4471 cognatorum
715 4415 740 4460 st
749 4423 876 4471 proceram
890 4415 1063 4464 cousuetudine
1075 4413 1198 4472 utebatur,
1212 4412 1406 4476 propagandum,
1422 4411 1565 4472 itinerisque
1579 4413 1630 4460 tam
1647 4411 1704 4459 novi
1714 4411 1740 4460 et
1752 4409 1871 4470 longinqui

267 4481 357 4530 lamam
371 4479 551 4542 dlvralgandam,
565 4483 750 4530 mouumentum
761 4483 851 4531 Punica
864 4484 979 4545 scriptam
993 4491 1018 4535 et
1033 4482 1214 4546 mmanuelis
1228 4484 1318 4546 templo
1332 4483 1431 4533 Saturni
1444 4483 1604 4532 annullatum
1613 4483 1638 4531 in
1646 4483 1759 4531 Gratata
1775 4480 1875 4540 baguam

267 4548 424 4598 haustulisse.
437 4551 498 4598 Nam
514 4563 528 4599 e
541 4562 618 4611 graeca
629 4548 735 4599 dictione
751 4547 910 4600 demonstrari
922 4555 1010 4615 potest,
1022 4554 1141 4616 periplum
1161 4565 1209 4604 nun
1223 4567 1238 4604 a
1250 4557 1336 4604 Graeco
1351 4552 1458 4615 quodam
1473 4551 1562 4612 liuguae
1574 4565 1625 4602 aare
1638 4553 1726 4613 perito,
1740 4547 1783 4598 sed
1796 4549 1875 4596 acar·

183 4617 185 4622 ⁴
268 4618 408 4680 thaginiensi
426 4617 577 4668 mediocriter
588 4619 748 4681 graecedoctc
763 4631 976 4684 esmccnvermm,
996 4623 1136 4684 quiescere
1154 4634 1202 4672 noa
1215 4626 1305 4687 posset,
1317 4637 1348 4674 ne
1361 4622 1499 4672 remacutre
1508 4621 1596 4684 linguae
1610 4621 1716 4671 miorem
1729 4621 1755 4670 et
1766 4622 1875 4681 paatcum

267 4687 421 4739 construendi
441 4688 541 4738 modam
561 4689 586 4738 ia
597 4692 712 4739 Graecam
731 4701 868 4740 sermonem
885 4692 1033 4741 transferret.
1045 4696 1103 4742 ilaec
1115 4697 1198 4747 samm
1220 4696 1346 4745 conversio
1363 4693 1448 4743 l’uaicl
1460 4692 1612 4742 monumenti
1628 4704 1658 4741 ao
1672 4688 1822 4741 reametur
1833 4690 1876 4747 au,

266 4771 343 4822 quam
358 4757 568 4820 carthaginienses
582 4758 752 4810 excellentiam
766 4762 872 4810 vircmm
888 4763 1005 4823 preclara
1015 4765 1078 4814 urta
1090 4767 1253 4818 mmnmettis
1264 4766 1388 4816 menariae
1398 4763 1496 4814 tradere
1504 4764 1619 4814 solerent.
1631 4782 1645 4808 ι

297 4829 342 4892 (**)
354 4831 394 4880 sic
406 4828 522 4878 nummu
533 4827 649 4891 quiddam
662 4829 770 4880 redolere
777 4831 878 4893 lilagius
885 4835 967 4883 censet
980 4833 1056 4884 rerba
1066 4836 1164 4888 indiculi
1177 4857 1184 4887 ι
1199 4836 1323 4901 amnicae
1334 4840 1382 4885 τῶν
1395 4835 1455 4896 ὑπὲρ
1465 4832 1507 4889 τὰς
1515 4833 1657 4895 Ἡρακλέους
1673 4831 1761 4890 πάλαι
1770 4831 1876 4880 tamam

266 4906 306 4960 τῆς
320 4906 361 4962 γῆς
371 4904 455 4962 μερῶν,
467 4901 498 4948 at
508 4899 562 4949 haec
575 4899 606 4948 ab
616 4898 700 4949 lisdem
711 4902 822 4963 graecalis
833 4902 939 4964 proiecta
949 4906 1016 4964 suat,
1031 4905 1074 4967 qui
1087 4909 1174 4958 celeus
1182 4905 1371 4969 geographorum
1382 4901 1504 4966 opusculis
1516 4903 1651 4964 argumenti
1663 4900 1755 4950 indicas
1768 4898 1875 4961 praelixe-

267 4973 324 5021 mnt
334 4971 418 5021 οοάιιω
432 4969 526 5020 dicendi
541 4981 628 5032 genere
639 4973 742 5022 umisa
755 4975 786 5024 V.
799 4985 822 5035 g.
842 4973 867 5022 iu
880 4974 958 5024 indice
976 4976 1092 5025 Marciani
1103 4977 1158 5028 libri
1171 4983 1236 5026 :rav
1248 4975 1311 5025 sust
1319 4977 1361 5033 τὴν
1370 4975 1459 5032 hstias
1474 4978 1551 5036 μιμῶι
1567 4975 1619 5034 (sc.
1629 4977 1672 5030 τῆς
1682 4972 1750 5033 γῆς),
1760 4975 1808 5018 τῶν
1816 4968 1877 5030 παρὰ

266 5039 306 5089 rdv
315 5040 409 5089 bauain
420 5041 461 5088 sai
473 5039 631 5103 μισημθμινθι
646 5041 751 5092 miv
763 5043 831 5106 μέχρι
849 5048 891 5100 τῆς
903 5045 1025 5103 Αἰθιοπίας
1035 5048 1169 5108 περίπλους.
1184 5048 1294 5098 lituum
1311 5046 1409 5096 Paulam
1424 5047 1553 5095 ausuum
1569 5043 1708 5104 exuuplam
1723 5041 1796 5090 alieri
1806 5037 1877 5086 verba

264 5110 281 5172 S
299 5117 325 5162 ¹⁵
337 5125 361 5173 p.
379 5119 407 5162 ¹²
420 5130 427 5161 ²
439 5127 487 5174 Ml
500 5111 628 5175 μίῑΰόθδθῦ
640 5112 719 5174 guast
730 5113 842 5178 &daucos
853 5117 1015 5178 θυμιαμάτων.
1033 5119 1140 5167 attacus
1159 5119 1199 5168 ille
1214 5121 1298 5180 aperte
1314 5117 1378 5177 lacer
1392 5118 1437 5173 est,
1452 5119 1477 5164 et
1489 5113 1602 5178 punicam
1617 5112 1786 5172 numquam
1800 5111 1877 5170 pratas,

268 5181 396 5232 verborum
404 5180 552 5241 lunationem
564 5179 594 5230 de
604 5193 649 5231 suo
663 5195 726 5244 μειιιι
735 5184 838 5246 iilugias
849 5185 938 5235 intulit.
956 5189 1058 5236 Unicum
1073 5189 1212 5250 exemplum
1221 5187 1285 5249 quod
1299 5185 1473 5249 probabilitatis
1486 5185 1565 5247 aliqua
1578 5183 1657 5246 specie
1670 5183 1695 5231 in
1706 5181 1813 5233 mediata
1825 5191 1876 5241 are·

269 5253 352 5315 lectur,
368 5251 392 5303 la
402 5249 449 5302 illle
464 5249 561 5316 habee§
571 5257 598 5304 li
612 5265 637 5316 p.
647 5255 677 5305 lo
687 5271 694 5304 ι
704 5254 815 5318 γινόμεθα
824 5257 848 5307 tv
856 5257 970 5318 θαλάττης
985 5259 1093 5323 χάσματι
1101 5259 1226 5323 άμιτρήιῳ
1240 5257 1269 5318 ἧς
1283 5259 1321 5308 ἐπὶ
1332 5257 1418 5321 tarem
1427 5258 1485 5321 πρὸς
1496 5261 1526 5319 τῇ
1536 5259 1568 5318 γῇ
1579 5252 1659 5305 nudior
1675 5252 1713 5314 ἦν.
