3950 5925
232 424 268 475 n
301 423 307 433 ·
789 371 971 468 surmus
991 400 1284 466 ciarinnsusts
1797 404 1855 481 (ιν)

233 546 300 612 νίδις
314 534 402 604 aient.
443 540 513 621 Πρὶν
532 539 633 599 iniria
654 539 768 619 λ’ἀρωνα
785 536 905 613 ποταμὸν
924 560 1016 615 παροι-
1064 548 1212 613 Antequam
1233 560 1296 595 vcro
1321 542 1353 594 ad
1379 542 1511 595 Naronem
1535 542 1644 596 lluvium
1673 547 1855 615 perveniatur,

232 637 347 693 πλεῦσαι
371 629 457 701 πολλὴ
480 628 555 708 χώρα
573 626 664 697 ἀνήκει
694 626 794 705 σρόδρα
811 627 847 691 εἰς
867 626 1014 685 θάλασσαν.
1064 632 1157 700 longus
1169 642 1245 684 terne
1264 640 1362 683 tractus
1380 629 1492 683 multum
1511 632 1537 683 in
1558 648 1630 685 mare
1641 634 1783 703 prominet.
1822 638 1858 689 Et

234 720 290 783 Καὶ
297 724 373 791 νῆσος
383 723 429 789 τῆς
441 714 670 797 παραλίσξχώρας
680 712 767 789 ἐγγὺς,
779 706 888 792 ⁵{droun
897 712 1016 784 Μελίτη,
1066 716 1149 770 insula
1158 718 1295 771 maritimae
1304 716 1366 770 huie
1375 718 1475 787 regioni
1486 718 1634 788 propinqua
1643 730 1691 783 est,
1706 722 1750 773 eui
1758 740 1858 777 nomeu

230 807 362 886 καὶὲτάρα
372 810 449 876 νῆσος
463 803 539 882 ἐγγὺς
547 794 787 881 ττύπης,ήόνομα
802 801 952 881 Κίρκυροή
965 799 1016 876 με’-
1065 805 1169 869 Melita3
1183 817 1241 858 turn
1261 805 1310 859 alia
1328 804 1412 858 insula
1431 806 1494 857 huie
1511 807 1606 870 vicina,
1620 809 1727 862 nomine
1740 811 1860 882 Corcyra

231 903 325 957 λαινα·
337 894 383 953 καί
393 890 513 971 ἐκτρέχει
523 894 561 969 τῷ
574 890 612 948 ἑνὶ
622 892 674 948 τῶν
683 888 853 970 ἀκρωτηρίων
861 892 938 959 νῆσος
949 888 1016 958 αὕτη
1065 895 1150 963 nigra,
1165 910 1224 964 quae
1247 894 1328 947 altero
1349 912 1397 947 suo
1414 895 1598 965 promontorio
1611 894 1645 949 ab
1660 914 1707 950 ora
1725 900 1860 953 maritima

231 989 280 1052 τῆς
291 981 423 1062 παραλίας
434 979 523 1057 χώρας
535 978 652 1059 σρόδρα,
666 980 705 1055 τῷ
721 974 749 1034 δὲ
765 976 846 1055 ίπέρῳ
858 972 1015 1053 ἀκρωτηρίῳ
1066 980 1141 1050 longa
1148 980 1256 1045 recedit,
1267 980 1349 1034 altero
1358 990 1445 1033 autem
1454 992 1553 1051 spectat
1566 1000 1655 1035 versus
1662 985 1797 1039 Naronem
1808 988 1860 1039 llu-

231 1071 344 1141 καθήκει
355 1066 399 1126 inl
410 1066 454 1124 τὸν
469 1064 583 1144 Νάριονα
604 1061 734 1139 ποταμόν.
776 1059 939 1131 'anitii-n<
956 1062 1016 1119 Me·
1066 1070 1148 1121 vium.
1187 1070 1309 1123 artenia
1327 1070 1399 1123 abest
1411 1071 1526 1141 Corcyra
1537 1070 1627 1124 stadiis
1641 1072 1747 1142 viginti3
1762 1074 1797 1127 ab
1811 1094 1861 1128 orn

232 1160 308 1229 λίτης
330 1154 426 1235 ἀπέχει
447 1153 541 1213 ordita
555 1152 592 1231 κ’,
607 1154 654 1223 τῆς
666 1148 694 1209 δὲ
715 1149 848 1231 παραλίας
856 1148 945 1229 χώρας
957 1144 1019 1205 lul·
1066 1167 1153 1211 autem
1167 1160 1299 1211 maritima
1309 1157 1388 1211 distat
1400 1158 1490 1211 stadiis
1503 1168 1574 1212 octo.

254 1270 277 1304 ει
287 1247 382 1305 στάδια
391 1242 430 1314 η’.

231 1270 312 1393 χοι.
327 1335 457 1392 Mentor.
471 1326 537 1390 ’λπθ
551 1326 702 1389 δίΝίστων
717 1324 785 1385 ἐστίν
800 1323 1019 1403 θΝάριννποτα-
1104 1334 1149 1393 al.
1166 1332 1266 1384 Manu.
1281 1332 1344 1384 Post
1356 1331 1449 1384 Nestos
1460 1342 1499 1385 ast
1512 1332 1584 1385 Naro
1597 1334 1702 1387 llurius.
1732 1336 1864 1389 introitus

233 1421 297 1499 μείς·
319 1418 375 1479 ddi
389 1418 511 1484 εἴσπλους
529 1420 543 1475 θ
558 1417 593 1482 είς
605 1414 648 1472 τθν
662 1411 777 1492 Νάριονά
790 1414 859 1471 ἔστιν
873 1414 902 1470 οὗ
919 1410 1019 1477 στενός·
1067 1418 1094 1469 in
1107 1418 1240 1469 Naronem
1257 1435 1312 1470 non
1331 1427 1371 1470 est
1387 1429 1527 1487 angustus;
1545 1420 1678 1491 innavigat
1697 1422 1724 1473 in
1738 1440 1801 1475 eum
1820 1422 1864 1475 vel

233 1509 339 1567 εἰσπλεῖ
352 1506 379 1565 δὲ
394 1508 429 1573 εἷς
445 1504 522 1563 αὐτὸν
533 1502 579 1561 καλ
593 1500 714 1581 τριήρης,
727 1500 772 1559 καὶ
781 1500 861 1557 πλοῖα
875 1500 911 1565 εἷς
922 1496 951 1556 πθ
965 1497 1020 1555 ἀνω
1067 1504 1193 1569 triremis,
1204 1515 1231 1557 et
1244 1522 1322 1558 naves
1334 1508 1459 1558 onerariae
1471 1524 1553 1577 usquo
1567 1506 1600 1559 ad
1611 1510 1771 1579 emporium,
1786 1510 1865 1581 quod

237 1598 372 1675 ἐμπόριον,
388 1591 487 1672 ἀπέχον
503 1590 555 1650 ἀπθ
569 1590 702 1660 θαλάσσης
720 1588 813 1647 στάδισ
832 1585 871 1647 π’.
892 1578 976 1645 Οὗτοι
993 1583 1022 1643 δέ
1067 1610 1173 1645 sursum
1193 1594 1273 1645 situm
1289 1592 1392 1647 abesta
1414 1595 1481 1645 mari
1501 1593 1591 1647 stadiis
1604 1598 1747 1666 octoginta.
1786 1599 1866 1651 loro-

234 1688 300 1745 εἰσιν
316 1680 442 1761 Ἰλλυριοί
458 1679 529 1747 ἔθνος
542 1677 650 1739 Μανιοί.
692 1675 782 1753 Λίμνη
796 1676 819 1732 δ’
832 1674 888 1733 ἐστὶ
907 1673 937 1732 πθ
958 1672 1021 1731 τίσω
1068 1680 1126 1733 lunt
1134 1690 1222 1734 autem
1232 1682 1314 1734 Manli
1324 1692 1400 1751 gente
1411 1681 1503 1753 Illyrii.
1541 1685 1625 1737 Porro
1638 1684 1709 1737 laetu
1721 1696 1809 1739 vastus
1820 1697 1866 1739 est

236 1778 282 1832 τοῦ
295 1770 422 1849 ἐμπορίου
437 1766 558 1846 μεγάλη,
579 1764 626 1824 καί
637 1763 728 1835 ἀνήκει
742 1767 759 1834 ἡ
773 1761 854 1838 λίμνη
873 1764 909 1829 είς
926 1762 1021 1821 Atta·
1068 1770 1102 1823 ab
1113 1772 1236 1823 interiore
1245 1771 1357 1842 emporii
1367 1781 1450 1841 parte,
1463 1773 1508 1841 qui
1521 1774 1634 1843 pertinet
1642 1775 1767 1845 usquead
1779 1778 1867 1828 nuta·

237 1860 342 1942 ριάτας,
364 1860 435 1925 ἔθνος
458 1854 616 1937 Ἰλλυρικόν.
660 1852 715 1913 Ιίαλ
739 1856 817 1922 νῆσος
839 1854 917 1930 ivri]
939 1851 1020 1928 λίμνῃ
1069 1857 1163 1921 rintas,
1179 1866 1282 1925 gentem
1299 1856 1446 1927 illyricam,
1461 1867 1487 1909 et
1504 1858 1587 1911 insula
1600 1860 1626 1911 in
1641 1860 1699 1913 lacu
1712 1862 1866 1915 aetsladio·

237 1948 324 2008 ἔνεστι
336 1945 450 2006 σταδίων
475 1944 530 2023 ρκ’·
544 1945 561 2011 ἡ
575 1941 603 2000 dl
623 1944 700 2010 νῆσος
716 1936 783 2010 alirn
795 1937 864 1997 ίστλν
879 1936 1021 2017 εὖγίωργος
1069 1958 1129 1995 rum
1143 1952 1249 1994 eentum
1262 1943 1363 2011 viginti,
1377 1942 1542 2011 agriculturae
1560 1962 1687 2016 perquam
1707 1946 1863 2001 commoda.

235 2037 346 2118 σρθδρσ.
388 2033 453 2092 Ἀπὸ
465 2031 493 2089 δὲ
505 2029 601 2100 ταύτης
613 2032 659 2099 τῆς
672 2024 1024 2105 λίμνηςθΝάροννποταμθς
1067 2030 1108 2109 Er
1130 2027 1181 2080 hoc
1206 2027 1264 2081 laeu
1284 2030 1356 2081 Naro
1379 2028 1474 2081 lluvius
1494 2031 1613 2101 profluit.
1652 2034 1803 2086 ANarone
1826 2034 1866 2087 ad

237 2128 356 2204 ἀπορρεῖ.
400 2122 456 2181 Καὶ
469 2119 522 2178 ἀπθ
536 2124 581 2178 τοῦ
595 2114 833 2195 Νάριονοςίπίτθν
848 2112 958 2193 ’λρίιονιι
972 2136 1022 2172 πο·
1068 2117 1196 2170 Arionem
1207 2116 1317 2170 fluvium
1332 2115 1384 2169 diei
1397 2119 1527 2187 navigatio
1545 2128 1593 2173 est.
1631 2121 1673 2173 Ab
1688 2123 1787 2175 Arione
1800 2141 1867 2175 vero

235 2212 321 2290 ταμθν
343 2209 447 2289 ἡμέρας
461 2208 516 2267 ἔστί
530 2208 620 2272 πλοῦς·
647 2203 701 2261 ἀπὸ
718 2202 746 2261 δὲ
771 2206 816 2261 τοῦ
832 2201 952 2280 ’Apianae
972 2224 1025 2259 πο-
1071 2202 1153 2255 fluvio
1173 2201 1230 2273 [nd
1244 2201 1867 2278 RhizrrntemsrnIllizonemflnuium1naviga·

236 2304 324 2377 ταμοῦ
344 2298 410 2377 [inl
423 2294 468 2353 τὸν
491 2293 630 2362 Ῥιζοῦντα
654 2289 800 2369 ποταμὸν]
820 2293 903 2355 πλοῦς
920 2288 1024 2368 ἡμέρας
1070 2290 1108 2342 tio
1119 2288 1172 2341 diei
1194 2288 1335 2343 dimidiati.
1373 2290 1492 2361 Suntque
1509 2290 1546 2343 ihi
1563 2292 1656 2345 Cadmi
1670 2304 1696 2347 et
1710 2296 1889 2347 Harmoniae'

236 2503 335 2557 scilieet
345 2496 452 2553 condita
462 2516 487 2549 c.
498 2496 541 2549 Ol.
553 2498 599 2565 98,
610 2498 636 2557 ίς.
647 2492 698 2548 385
709 2510 735 2547 a.
746 2493 778 2546 C.
786 2492 822 2545 V.
835 2490 947 2544 Diodor.
960 2492 1023 2556 XV,
1066 2490 1120 2553 θία,
1137 2491 1266 2543 travorsie
1283 2506 1331 2562 par
1349 2490 1462 2553 l'Arion,
1484 2491 1508 2544 le
1519 2494 1610 2563 prinee
1623 2492 1670 2546 dea
1684 2494 1782 2549 lleuree
1798 2515 1864 2550 sou·

240 2584 283 2648 13,
297 2583 313 2635 3
329 2598 336 2633 :
349 2580 457 2649 Πάριοι..
475 2575 573 2629 ἔκτισαν
585 2579 662 2641 νῆσον
676 2571 722 2638 τὴν
731 2571 918 2643 ὄνομαζομίνην
927 2570 1025 2640 Φάρον,
1066 2571 1188 2632 temins,
1199 2570 1281 2640 qu'on
1294 2571 1348 2623 voit
1360 2588 1422 2623 avec
1439 2573 1555 2642 surprise
1566 2573 1645 2625 sortir
1656 2571 1694 2625 du
1708 2585 1785 2627 mont
1800 2577 1867 2629 Ber-

238 2659 420 2733 συμκράξαντος
437 2654 521 2716 αθτοῖς
533 2653 660 2707 Διονυσίου
676 2654 721 2706 τοῦ
738 2652 865 2721 τυράννου·
889 2644 960 2709 οὗτος
977 2647 1026 2719 γὰρ
1066 2658 1143 2717 gat...
1157 2650 1208 2701 Las
1218 2648 1349 2703 habitante
1360 2649 1470 2721 dupays
1481 2661 1610 2715 assurent,
1624 2668 1684 2704 sans
1699 2652 1723 2704 le
1734 2670 1866 2723 prourer,

238 2740 353 2794 ἀποικίαν
371 2734 530 2795 ἀπεσταλκὼς
543 2733 577 2795 είς
587 2733 631 2786 riv
646 2730 740 2801 ’λθρίαν
752 2730 781 2785 οὖ
792 2728 898 2789 πολλοῖς
908 2728 1027 2798 πρότερον
1067 2743 1119 2797 que
1133 2726 1236 2780 l'nrion
1249 2737 1287 2781 ast
1300 2745 1337 2779 un
1351 2726 1515 2782 eeoulement
1524 2727 1571 2781 des
1580 2746 1647 2781 eaux
1662 2719 1700 2781 dl
1710 2730 1750 2782 lae
1763 2730 1798 2784 de
1812 2734 1869 2785 Po·

239 2818 329 2882 ἔτεσιν,
344 2814 444 2875 ίκπικθνς
460 2809 492 2880 ἦν
509 2811 555 2877 τὴν
568 2812 642 2866 πόλιν
660 2808 705 2876 τὴν
723 2807 910 2879 ὀνομαζομένην
925 2806 1025 2859 Λίσσον.
1068 2823 1149 2877 μονα.
1165 2830 1176 2852 ι
1190 2804 1293 2860 Accolae
1308 2805 1386 2877 liujus
1398 2808 1512 2876 regionis
1525 2824 1608 2877 quum
1623 2810 1766 2862 Autariatae
1783 2810 1867 2864 luisse

238 2897 280 2951 Cl.
301 2896 424 2968 Ephorus
442 2892 476 2945 lr.
501 2893 551 2947 150
572 2890 637 2963 (rr.
651 2891 686 2941 ll.
702 2891 726 2954 1,
745 2906 773 2959 p.
793 2891 845 2956 ²74
856 2885 883 2957 );
898 2888 1028 2957 Scymnus
1068 2884 1202 2951 dicautur,
1224 2887 1364 2957 suspiceris
1382 2904 1444 2939 cum
1458 2888 1559 2941 Ariona
1581 2887 1761 2957 (Turiam)
1782 2891 1868 2944 llario

239 2989 307 3048 4273
328 2975 423 3030 Strabo
441 2975 504 3037 VH,
527 2990 555 3043 p.
578 2970 640 3023 315.
660 2971 743 3022 Vanae
767 2978 829 3020 sunt
850 2965 1029 3020 dubitationes
1069 2965 1283 3037 oomponendum
1298 2984 1353 3019 esso
1369 2965 1510 3020 Troianum
1519 2966 1653 3021 castellum
1667 2969 1868 3024 Autariatarum

238 3055 371 3110 Mannerti
381 3055 445 3116 vll,
458 3070 485 3122 p.
506 3053 569 3106 381.
588 3048 668 3120 Apud
688 3048 837 3101 Diodorum
856 3047 874 3099 l.
888 3045 905 3098 l.
922 3045 1029 3100 Lissum
1069 3045 1140 3115 apud
1152 3045 1219 3098 Plin.
1231 3047 1281 3109 111,
1293 3050 1327 3098 σθ
1337 3047 1348 3114 (
1358 3063 1384 3099 ν.
1396 3056 1453 3099 not.
1466 3044 1499 3099 ad
1510 3049 1524 3114 5
1534 3062 1568 3098 aa
1577 3045 1602 3118 );
1613 3063 1773 3117 quamquam
1784 3051 1870 3103 series

239 3133 485 3205 intelliguntlllyriae
492 3131 585 3184 urbem
592 3129 627 3183 ad
633 3129 770 3182 Drilonem
778 3128 869 3180 situm.
878 3124 1030 3180 Sedvereor
1070 3123 1189 3177 locorum
1204 3124 1323 3178 Pliniana
1335 3125 1398 3179 lruie
1411 3127 1548 3178 sententiae
1561 3125 1718 3196 refragatur.
1742 3129 1752 3196 ll
1761 3157 1799 3169 -
1814 3129 1870 3182 ἐπὶ

239 3233 274 3268 ne
283 3232 333 3285 pro
341 3214 431 3265 Λίσσον
445 3208 615 3263 scribendum
629 3209 664 3262 sit
673 3207 769 3260 Ἴσσαν.
780 3205 866 3277 quue
877 3207 956 3258 etiam
969 3207 1031 3258 Nie·
1070 3203 1127 3256 τὸν
1159 3201 1329 3265 Ῥιζοῦντα
1355 3206 1442 3270 non]
1466 3205 1528 3256 llaec
1551 3204 1679 3276 supplevi.
1704 3207 1809 3260 Deinde
1825 3209 1870 3260 bis

239 3294 352 3348 buhrius
362 3292 472 3346 semisse
482 3288 597 3353 videtur,
612 3289 657 3358 qui
669 3286 725 3358 (Kl.
738 3285 879 3354 Schriften.
890 3287 914 3349 1,
925 3303 953 3356 p.
967 3285 1029 3358 1¹7)
1072 3282 1163 3352 scripsi
1186 3280 1326 3344 Ῥιζοῦντος
1336 3299 1385 3353 pro
1403 3282 1522 3353 Ἀρίονος.
1538 3285 1578 3336 Ne
1589 3285 1738 3356 praelerrem
1751 3285 1869 3340 sormam

239 3377 342 3428 huma
351 3366 763 3441 Dionysioeouditamessedieit.
773 3363 930 3433 ΙΙ-πολλὴ
942 3366 1030 3434 χώρα
1076 3358 1192 3422 ‘Piloros
1201 3361 1239 3414 vel
1252 3359 1361 3423 Ῥίζονος
1374 3363 1533 3434 (utramque
1544 3362 1637 3416 lieebat
1652 3363 1661 3435 )
1676 3365 1792 3434 ,quaead
1805 3385 1869 3418 eor.

239 3453 392 3521 κτλ.]Ηαο
411 3460 450 3502 σεε
466 3448 604 3520 peninsula
616 3446 647 3500 di
664 3445 833 3509 sabioncello,
849 3443 884 3498 de
903 3463 957 3515 qua
972 3444 1028 3497 dixi
1071 3451 1180 3512 ruptum
1191 3439 1256 3494 illud
1270 3440 1385 3511 ’λρίωνος
1398 3444 1508 3514 propius
1527 3441 1637 3508 aceedit,
1653 3443 1777 3514 impediri
1799 3447 1868 3498 milri

239 3550 330 3603 supra.
348 3531 359 3599 ΙΙ
370 3529 556 3599 -Κέρκνρα
574 3527 667 3598 (nunc
680 3527 811 3578 slavonice
829 3524 953 3595 Karkar)
967 3526 1030 3577 item
1074 3521 1182 3574 videbar
1192 3520 1353 3590 verbissai.
1364 3522 1452 3574 Verba
1460 3523 1557 3575 dernier
1565 3540 1588 3575 τ.
1603 3519 1779 3584 Ῥιζοῦντοςοκ
1788 3544 1867 3597 seqq.

239 3613 360 3664 θωπείαν
371 3610 466 3663 urbem
475 3606 598 3672 lubebat,
608 3605 766 3658 Cnidiorum
778 3603 909 3656 coloniam
922 3602 1032 3673 (Semn-
1074 3598 1123 3653 ἀπθ
1135 3599 1161 3652 δὲ
1173 3603 1217 3651 τοῦ
1227 3597 1289 3661 ‘re
1302 3611 1363 3654 nata
1379 3601 1462 3654 rideri
1474 3603 1584 3672 possint.
1598 3603 1644 3655 Sin
1661 3605 1774 3672 genuina
1792 3617 1869 3670 sunt,

241 3708 293 3745 nus
306 3693 373 3753 4283
383 3687 511 3757 Strabop.
525 3686 575 3739 315
584 3705 591 3750 ;
601 3684 702 3738 Plinius
715 3687 765 3747 111,
777 3684 812 3737 30
822 3683 843 3755 ),
856 3699 916 3753 quae
925 3699 979 3734 non
991 3699 1032 3733 re·
1073 3679 1243 3732 scribendum
1255 3697 1311 3732 esse
1325 3679 1429 3733 videtur
1443 3679 1487 3732 οθκ
1497 3681 1603 3734 ἄπωθεν.
1619 3683 1650 3734 Iu
1665 3685 1805 3753 postremis
1823 3685 1871 3738 de·

241 3760 1033 3838 nentiorScylaeisaeroluisseputandnast‚aedomisitejus
1073 3759 1154 3828 nique
1171 3758 1291 3812 lacunam
1314 3759 1412 3813 notavi.
1436 3761 1525 3812 Fuisse
1548 3759 1652 3814 videtur
1675 3779 1681 3814 :
1704 3759 1737 3824 εἰς
1755 3763 1870 3832 Βονθόην

243 3849 408 3904 mentionem
417 3843 458 3897 vel
463 3853 603 3914 excerptor
611 3842 788 3896 vellibran‘us.
800 3840 921 3895 Deducta
929 3840 1033 3894 colonia
1073 3836 1087 3889 ὁ
1099 3838 1176 3900 πλοῦς
1185 3837 1276 3909 ἡμέρας
1285 3838 1370 3909 ἥμισυ,
1386 3839 1444 3900 θσος
1456 3840 1499 3892 καί
1513 3839 1546 3900 εἰς
1558 3839 1588 3892 πθ
1599 3839 1725 3912 ἐμπόριον.
1739 3843 1807 3896 Nam
1819 3846 1871 3898 tale

241 3945 299 3980 esse
311 3926 413 3979 ridetur
421 3925 491 3978 eiroe
500 3923 543 3977 Ol.
555 3923 598 3977 ⁵0.
609 3922 651 3976 Cl.
666 3924 771 3992 Fmgm.
783 3923 853 3975 llist.
863 3922 913 3985 IV,
925 3938 953 3992 p.
968 3922 1031 3990 396,
1074 3916 1139 3987 quid
1151 3919 1215 3970 situs
1235 3917 1352 3972 loeorum
1365 3919 1484 3988 requirit.
1501 3917 1636 3972 Fabricius
1648 3921 1684 3973 ita
1693 3918 1781 3974 locum
1791 3923 1872 3976 ador·

246 4008 288 4061 13.
305 4009 363 4077 l*
373 4004 540 4074 ἐκτρέχει]
551 4020 604 4054 em.
615 4002 733 4065 Cluver.;
743 4000 837 4071 ἐρρέχει
849 3998 930 4052 eodd.
943 4028 979 4039 -
992 4004 1033 4070 τῷ
1074 3999 1147 4050 navit
1164 4013 1171 4050 :
1188 3997 1238 4051 ἀπὸ
1251 3997 1278 4050 tl
1295 4001 1339 4050 τοῦ
1355 3995 1465 4068 ’λρίωνος
1479 4003 1592 4069 ποταμοῦ
1611 3997 1643 4061 εἰς
1654 3999 1764 4067 Βουθθην
1785 4002 1828 4054 καί
1840 4004 1870 4055 πθ

243 4086 291 4141 ἑνί
308 4091 369 4138 τῶν
387 4083 451 4154 ἀκρ.
463 4086 473 4151 ]
487 4081 543 4152 περί
553 4081 582 4134 πθ
594 4080 746 4151 ἀκρωτήριον
761 4078 841 4133 eodd.
858 4082 869 4149 ΙΙ
880 4109 917 4119 -
934 4083 976 4149 τῷ
1002 4079 1033 4132 δὲ
1075 4075 1191 4148 ἐμπόριον
1201 4075 1490 4148 ὁπλοῦςήμίραςῆμισν·
1501 4077 1543 4130 καὶ
1556 4077 1688 4150 Κάδμον...
1703 4079 1784 4150 ίερθν,
1799 4081 1871 4135 aeu-

243 4163 354 4235 ἑτέρῳ]
375 4165 407 4215 In
423 4161 465 4214 his
476 4162 591 4230 Comyra
601 4177 663 4212 cum
676 4159 763 4212 Pharo
781 4155 909 4211 conlundi
929 4157 1034 4210 videtur
1075 4157 1115 4210 θεν
1130 4161 1174 4210 τοῦ
1189 4156 1300 4228 Ἆρίωνος
1315 4162 1438 4228 ποταμοῦ.
1457 4157 1514 4212 ’leb
1532 4158 1559 4211 δὲ
1571 4162 1616 4211 τοῦ
1631 4157 1743 4230 ’λρίισνος
1755 4167 1870 4233 ποταμοῦ

242 4248 384 4304 Μαοοοπίο
394 4241 403 4313 (
413 4243 476 4304 Vll,
486 4258 514 4310 p.
526 4241 577 4293 383
590 4239 610 4311 ).
625 4243 661 4292 At
673 4257 764 4310 reapse
775 4239 827 4291 hoo
838 4240 959 4308 Oorcyrae
971 4256 1033 4309 pro·
1078 4233 1205 4307 Ἰλλυριῶν
1218 4235 1287 4298 ἔθνος
1297 4235 1357 4289 εἰσίν
1369 4236 1394 4288 οἱ
1406 4234 1541 4308 Ἐγχελεῖς
1552 4237 1608 4289 κτλ.
1626 4241 1692 4306 Quat
1704 4257 1787 4309 quurn
1802 4240 1869 4294 uilril

243 4323 407 4381 montorium
419 4337 509 4372 versus
520 4320 653 4371 Naronem
664 4316 796 4370 directum
812 4328 861 4380 est,
880 4335 1033 4388 quanquam
1075 4314 1140 4368 lueis
1150 4315 1288 4368 afferentes
1299 4317 1456 4368 mutationes
1467 4317 1529 4382 sint,
1540 4316 1643 4370 silentio
1653 4320 1787 4388 preterire
1796 4320 1868 4373 lioer.

243 4402 398 4472 interpositi
411 4401 630 4467 interutrurnque
638 4397 786 4467 peninsulti.
799 4397 811 4464 ΙΙ
821 4397 977 4449 -στάδια
991 4397 1032 4466 κ’]
1075 4395 1125 4448 Sed
1133 4395 1167 4449 de
1173 4396 1311 4450 Clausenio
1321 4395 1417 4461 dicam,
1425 4397 1471 4468 qui
1480 4407 1565 4450 totum
1573 4397 1661 4451 locum
1673 4397 1750 4451 talem
1762 4401 1869 4470 qualem

245 4482 336 4540 fuerit
347 4480 417 4532 πάό,
430 4477 467 4532 ις’.
1075 4473 1158 4527 codex
1165 4475 1281 4539 exhibet,
1292 4476 1359 4528 tueri
1370 4475 1498 4528 instituit:
1514 4501 1524 4523 ι
1536 4476 1655 4548 Rupilius
1662 4476 1755 4530 Cadmi
1763 4489 1790 4530 et
1801 4480 1870 4532 llar-

279 4563 352 4628 §aln
366 4557 564 4629 τριήρης]οίο
572 4555 646 4621 ood.;
656 4573 783 4609 nonrero
794 4556 895 4627 τριήρις,
910 4566 942 4609 ut
950 4557 978 4609 iu
986 4555 1032 4610 ed.
1076 4555 1180 4626 mouire,
1192 4555 1288 4625 inquil,
1303 4555 1387 4608 vicina
1405 4565 1444 4608 est
1455 4557 1575 4620 Buthoa;
1589 4557 1677 4627 itaque
1687 4573 1771 4627 quum
1785 4559 1869 4612 modo

245 4638 366 4702 limen„
377 4635 450 4692 uude
461 4639 539 4690 Voss,
550 4654 603 4688 ser.
613 4635 725 4705 τριήρεις.
738 4639 750 4706 ΙΙ
758 4665 796 4676 -
806 4632 894 4688 οὗτοι
911 4635 944 4688 δὲ
955 4635 1012 4689 κτλ.
1023 4638 1032 4705 ]
1075 4634 1215 4705 rupesillas
1223 4645 1252 4687 ut
1261 4635 1405 4688 terminum
1416 4636 1868 4709 navigationisposueril,alterojam

248 4742 261 4764 a
277 4711 352 4772 Οὗτοι
362 4714 466 4771 dietum
474 4712 509 4766 de
520 4713 612 4768 ineolis
624 4714 746 4784 emporii,
761 4723 791 4766 ul
802 4716 818 4781 5
829 4730 856 4768 a.
869 4739 881 4761 ι
896 4715 1031 4768 mosen.
1076 4713 1134 4766 loeo
1148 4714 1179 4766 iis
1200 4714 1287 4766 ricino
1304 4712 1418 4766 eundem
1439 4715 1583 4768 terminum
1599 4714 1727 4785 designat.
1749 4719 1869 4788 Rupium

256 4795 504 4867 ίΙ-ἐμπθριονῙ,
517 4792 787 4846 ubinuueeastellum
799 4797 883 4865 Ορνιε,
896 4803 927 4846 ut
955 4795 1034 4864 Lapi·
1076 4793 1390 4866 mentioperegrinatoris,
1399 4794 1614 4847 Butlmaementio
1623 4797 1775 4848 mereatoris
1784 4799 1870 4866 gratia

245 4893 292 4930 eus
303 4884 401 4931 oanset.
414 4873 474 4942 ll-
485 4871 586 4943 λίμνη
597 4874 619 4940 ],
630 4889 703 4924 nune
719 4871 795 4943 palus
805 4870 923 4926 d'Utouo
934 4872 974 4926 rel
984 4877 1034 4926 Pn-
1077 4873 1142 4927 loeta
1154 4875 1342 4928 est.Posterior
1348 4874 1520 4944 navigationis
1530 4876 1658 4927 terminus
1667 4875 1761 4928 eodem
1775 4875 1868 4941 mmlo,

242 4971 323 5032 ρκινο.
340 4949 603 5021 ΙΙ--λθταριάτας
614 4953 622 5019 J
632 4949 881 5022 niqaptdraeeoddq
892 4969 944 5004 em.
955 4951 1031 5006 editt.
1076 4969 1131 5023 quo
1146 4952 1196 5006 lroe
1208 4952 1265 5005 loco
1281 4951 1353 5024 (non
1368 4969 1416 5024 per
1429 4953 1502 5022 μέχρι
1513 4969 1537 5004 c.
1553 4969 1625 5021 gen„
1640 4951 1687 5006 sed
1707 4971 1754 5024 per
1767 4954 1809 5006 καὶ
1830 4955 1870 5008 ἐν-

250 5035 308 5101 ΙΙ-
331 5031 480 5104 Ἀρίονα]
499 5031 584 5084 Arion
607 5029 640 5082 ab
660 5047 716 5082 uno
736 5028 840 5101 Scylace
861 5040 1032 5085 metueretur.
1076 5032 1154 5084 ταῦθα
1168 5031 1205 5084 rel
1226 5031 1289 5084 κατὰ
1307 5031 1334 5084 δὲ
1347 5032 1438 5101 ταῦτα)
1462 5031 1655 5100 signiliruturs
1678 5047 1736 5086 11o.
1763 5031 1869 5084 Falsum

246 5111 325 5169 Nune
339 5111 442 5165 Onabln.
458 5108 653 5181 Pouquerillius
668 5111 772 5178 Vqrnge
785 5107 853 5161 dnnr
871 5109 898 5160 ln
913 5111 993 5163 Grdce
1009 5114 1033 5177 1,
1078 5121 1126 5175 est,
1151 5109 1224 5181 quod
1246 5127 1384 5164 numerum
1400 5121 1459 5181 poet
1477 5111 1587 5176 Βονθθην
1609 5110 1623 5163 θ
1643 5111 1719 5172 πλοῦς
1741 5111 1871 5164 excidisse

246 5207 275 5268 p.
294 5191 329 5242 25
349 5207 355 5243 :
380 5215 390 5235 ι
405 5193 477 5242 Duru
492 5189 653 5259 lapiovinee
665 5188 700 5242 de
713 5191 810 5252 Brenn,
825 5187 895 5242 l'une
908 5188 943 5242 da
960 5189 1034 5243 oelles
1079 5190 1242 5244 contendunt
1251 5192 1415 5262 interpretes,
1429 5207 1513 5260 quum
1523 5192 1549 5243 in
1565 5191 1697 5246 ruentioue
1711 5193 1818 5262 rupium
1829 5193 1871 5244 ili·

246 5270 293 5343 qui
303 5279 456 5342 eoruposeut
467 5269 503 5320 les
513 5256 586 5321 ἀλοία
599 5265 633 5320 de
647 5269 758 5336 llaguse,
769 5277 807 5320 est
817 5269 840 5320 ln
852 5268 930 5324 valle'e
943 5268 1034 5322 d'Onr·
1056 5305 1059 5312 ·
1079 5281 1151 5326 etum
1165 5273 1207 5336 sit,
1223 5281 1351 5341 quantuni
1365 5271 1419 5324 lure
1431 5272 1503 5340 regio
1524 5269 1602 5324 distet
1619 5271 1653 5324 nli
1671 5271 1777 5326 Arione.
1793 5270 1871 5342 lijus.
