3950 5925
244 446 299 497 rso
857 434 907 493 nx
929 412 1238 497 ieiruincurnr
1789 434 1853 517 (a.)

157 582 233 633 phot,
241 590 285 627 νον
306 566 526 647 παραπίπλεκται
545 564 642 624 κακόν·
660 562 772 621 λεόντων
794 563 844 643 γάρ
868 565 914 624 καὶ
935 565 1020 626 λόκων
1065 576 1241 647 luporumque
1268 583 1294 626 et
1312 572 1459 646 pardalium
1484 575 1587 644 copiam
1606 572 1681 627 tellus
1711 574 1852 645 producat.

240 654 286 712 καὶ
298 654 455 734 παρδάλεων
474 651 644 733 συναναρίρει
655 652 779 722 πλῆθοςὴ
795 655 846 728 γῆς
861 656 896 718 ὡς
910 643 978 712 εἶναι
992 654 1021 712 τὸ
1066 660 1146 729 Quod
1166 661 1246 731 igitur
1266 660 1366 729 regiam
1388 658 1536 713 felicitatem
1551 658 1644 725 efficit,
1662 660 1855 715 habitatoribus

239 746 287 814 τῆς
299 742 389 821 χώρας
398 740 543 817 ἐπίτευγμα
559 744 612 807 τοῖς
623 740 740 810 υίκηταῐς
749 738 831 798 αίτιον
843 740 979 820 ἀκληρίας.
1067 764 1143 800 causa
1154 758 1193 799 est
1207 745 1372 799 infelicitatis.

280 847 316 887 tto.
330 826 393 887 ’Art
405 827 433 886 dl
448 830 500 885 τῶν
512 825 603 906 ἐφεξῆς
616 826 744 904 αἰγιαλῶν
758 826 856 893 κόλπος
869 827 924 885 ἐστὶ
936 852 1023 887 νενευ·
1105 852 1149 903 9⁰·
1167 839 1189 887 A
1202 835 1329 905 proximis
1341 831 1403 886 inde
1416 833 1538 887 litoribus
1548 835 1621 887 sinus
1633 844 1686 899 est,
1697 834 1730 888 ad
1740 837 1854 907 regionis

197 940 211 978 τ
238 915 291 983 κὼς
302 915 349 993 μίν
364 917 401 981 είς
409 914 453 973 τὸν
466 914 550 995 μυχὸν
564 919 611 987 τῆς
626 913 725 995 χώρας,
738 915 785 972 οὐκ
796 912 904 974 ἔλαττον
917 916 944 974 δὲ
956 940 1022 975 στα-
1070 920 1138 973 illius
1159 922 1285 973 interiora
1298 920 1451 991 devergens,
1467 921 1513 992 qui
1531 920 1709 992 profunditate
1728 921 1763 975 ad
1776 924 1855 975 mini-

238 1006 301 1065 δίων
322 1003 502 1065 πεντακοσίων
520 1002 686 1062 ὑποδείκνυσι
700 1001 730 1060 τό
748 1000 835 1080 βάθος.
876 1006 912 1064 Οἱ
926 1004 954 1062 δὲ
976 1004 1023 1074 τὴν
1069 1025 1142 1062 mum
1154 1010 1359 1079 quingentorum
1372 1007 1519 1060 stadiomm
1527 1007 1744 1079 deprehenditur.
1781 1012 1855 1064 Intra

238 1092 309 1160 ίντδς
322 1096 367 1153 τῶ
379 1092 478 1153 κόλπου
497 1095 677 1157 κατοικοῦντας
693 1092 835 1149 καλοῦνται
859 1090 907 1167 μὲν
919 1094 1024 1168 Βατμι·
1068 1094 1233 1165 complexum
1251 1092 1330 1163 hujus
1351 1095 1398 1165 qui
1419 1093 1549 1158 habitant,
1574 1094 1857 1150 Batmizomanensium

240 1185 371 1258 ζομανεῖς,
385 1180 437 1241 elul
448 1178 476 1239 δί
486 1177 594 1257 κυνηγοί
608 1180 660 1236 τῶν
670 1176 801 1259 χερσαίων
815 1176 897 1246 ζώων.
1069 1180 1165 1234 habent
1174 1197 1288 1244 nomen,
1305 1179 1448 1233 bestiarum
1462 1181 1625 1233 terrestrium
1638 1192 1783 1235 venatores.

284 1288 322 1329 st.
341 1267 400 1339 Τὴν
411 1268 434 1327 δ’
444 1268 583 1349 είρημίνην
592 1265 683 1347 χόιραν
694 1270 769 1337 νῆσοι
779 1272 847 1343 τρεῖς
862 1264 1026 1346 ίκδέχονται,
1106 1282 1150 1335 91.
1166 1267 1229 1319 Post
1243 1266 1313 1319 hane
1326 1276 1423 1319 terram
1446 1275 1499 1318 tros
1512 1276 1659 1337 sequuntur
1674 1269 1783 1333 insidat,
1796 1288 1857 1341 quae

159 1438 330 1500 modxo'u’otr
351 1434 461 1515 ἀτυχίας
483 1434 566 1494 αἴτιον
588 1435 687 1514 γίνεται
711 1434 754 1494 διὰ
775 1434 804 1493 τὸ
825 1433 873 1506 τὴν
893 1432 969 1514 φύσιν
988 1437 1024 1500 ὡς
1068 1441 1151 1496 licitas
1178 1442 1238 1495 mali
1262 1460 1368 1496 ceruam
1396 1442 1488 1497 ineolis
1516 1442 1616 1514 praebet
1636 1462 1642 1497 :
1666 1456 1761 1499 natura
1784 1448 1856 1499 enirn

241 1522 339 1631 ίπίπαν
359 1523 412 1590 τοῖς
433 1522 577 1603 ἀνθρώποις
597 1521 665 1600 μετά
683 1524 734 1579 τῶν
755 1523 859 1601 ἀγαθῶν
875 1520 973 1579 διδόναι
990 1518 1024 1581 τά
1068 1527 1224 1627 plerumque
1248 1545 1310 1581 cum
1334 1528 1412 1582 bonis
1435 1530 1514 1583 noxia
1533 1529 1611 1583 simul
1633 1530 1785 1584 hominibus
1806 1530 1856 1585 lar·

242 1612 567 1776 βλίεῖτοίίάραπλεόσαντι
581 1692 653 1754 δὲτὰ
662 1695 741 1754 πεδία
752 1700 836 1755 ταῦτα
847 1694 943 1763 κόλπος
956 1694 1025 1755 ίκδά·
1070 1624 1150 1772 gaddi
1167 1702 1251 1776 (Cap.
1272 1694 1338 1775 44.)
1360 1704 1416 1757 Ilos
1433 1704 1461 1756 in
1483 1714 1635 1757 transcursu
1654 1722 1760 1776 eampos
1784 1706 1857 1758 sinus

240 1782 479 1865 χῑῖαῑπαρᾶδθῖῠν
493 1783 563 1863 ἔχων
576 1784 624 1854 fil
639 1782 728 1863 φύσιν·
772 1781 955 1861 zuvvrtaptr
972 1783 1024 1863 γὰρ
1068 1800 1166 1871 excipit
1186 1799 1313 1852 mirabilis
1334 1809 1443 1853 naturae.
1490 1802 1522 1853 In
1549 1800 1663 1869 regionis
1691 1801 1762 1854 euim
1793 1803 1858 1855 inte-

201 1892 227 1932 tt
241 1872 278 1937 ‘li
295 1868 339 1929 τὸν
359 1870 444 1950 μυχὸν
461 1874 509 1942 τῆς
521 1868 611 1950 λώίας
617 1914 627 1944 ι
649 1872 687 1950 “l’
708 1868 788 1947 inim
807 1872 831 1928 δ’
846 1870 890 1929 llll
905 1868 1025 1937 σταδίωῖ
1069 1898 1139 1949 riora
1150 1893 1293 1966 devergens
1306 1892 1340 1949 'ad
1350 1898 1493 1967 quingenta
1506 1895 1589 1949 studia
1599 1896 1751 1968 porrigitur,
1768 1900 1857 1951 rastis·

241 1957 427 2025 πεντακοσίους
446 1957 660 2037 παρεκτείνεται.
679 1955 891 2035 πιριχλιιόμνος
909 1956 937 2017 δὲ
957 1980 1025 2037 ‘pl‘
1088 2010 1120 2045 ue
1134 1994 1234 2046 circum
1245 2010 1279 2045 ru
1298 1992 1356 2046 ibus
1369 1993 1484 2046 inclusus
1569 1992 1656 2047 lerum
1670 1992 1749 2047 habet
1761 1995 1810 2047 osti

241 2052 314 2122 prot(
323 2044 644 2123 θαυμαΰίθῑςτῦμάγεθος,
656 2044 760 2104 σκολιὸν
771 2043 817 2103 καί
829 2044 958 2113 δυσέξιτον
968 2043 1025 2123 ἔχει
1069 2010 1087 2065 q
1279 2010 1297 2063 P
1503 2010 1569 2065 pesp
1812 2012 1858 2048 ¹¹⁰¹

239 2132 271 2191 τδ
284 2131 387 2210 στόμα·
401 2132 533 2200 ἁλιτενοῦς
549 2132 601 2212 γάρ
612 2131 710 2213 πίτρας
720 2130 765 2191 τὸν
777 2132 899 2191 είαπλουν
911 2131 1025 2207 διελαμ·

241 2219 387 2296 όανοόσης,
403 2219 458 2281 οὔτ’
470 2223 625 2280 εἰσπλεῦσαι
641 2220 749 2279 δυνατόν
763 2220 833 2279 ίστιν
855 2222 891 2287 εἰς
904 2219 949 2278 τὸν
966 2219 1027 2278 κόλ-

200 2326 228 2366 ευ
241 2330 290 2366 πον
302 2306 355 2367 οὔτ’
365 2311 518 2371 ἐκπλεῦσαι.
542 2307 620 2369 Κατὰ
631 2306 660 2366 δὲ
673 2306 721 2375 τὰς
731 2312 777 2367 τοῦ
789 2310 834 2387 ῥοῦ
843 2304 1025 2387 προσπτώσεις

241 2394 344 2462 ππὶπρπ
358 2398 411 2454 πῶς,
427 2395 530 2472 ἀνίμων
547 2393 721 2473 ππππςπχχπδ
736 2395 840 2454 κλύδων
851 2393 1024 2471 „mlum
1071 2393 1210 2437 ventorum
1225 2383 1294 2436 vioss
1310 2382 1444 2437 undarum
1462 2394 1539 2437 astus
1559 2383 1689 2455 crepidini
1703 2384 1858 2437 incumbens

241 2484 275 2559 τῇ
296 2482 379 2564 ῥαχίρ
399 2483 528 2563 καχλάζει
547 2482 594 2543 καί
613 2482 772 2563 τραχύνεται
791 2482 878 2560 πάντῃ
895 2480 955 2561 περί
970 2481 1024 2553 τὴν
1070 2488 1184 2539 immane
1197 2485 1301 2551 stridet,
1313 2496 1340 2538 et
1351 2484 1471 2556 undique
1483 2488 1552 2539 eirea
1565 2502 1658 2539 saxum
1677 2497 1855 2558 exasperatur.

243 2568 416 2650 ’‘llll'‘oum
438 2568 549 2661 πάτραν·
598 2571 634 2631 ol
656 2568 685 2628 ll
710 2569 758 2641 *ll
776 2567 846 2627 ml
864 2568 909 2627 Ill
927 2568 1025 2627 didm*
1073 2589 1184 2653 Acoolae,
1196 2606 1263 2660 quos
1274 2588 1508 2642 Baninomenenses
1518 2598 1683 2661 nuncupant,
1694 2587 1859 2642 decernibus

241 2653 952 2737 ll‘l’l’l‘ll‘sslffllt3²⁹¹l⁰d⁸l⁸l⁴⁶l⁰l²“l6l“⁹⁰²’³i“
965 2678 1026 2734 ‘9⁰'
1072 2693 1187 2746 leramm
1199 2702 1296 2745 venatu
1309 2700 1446 2762 oaptarum
1458 2692 1587 2745 victitant.
1626 2692 1727 2744 Fanum
1741 2691 1806 2744 inibi
1819 2710 1859 2744 sa·

198 2762 226 2801 ²⁶
241 2742 397 2902 ggggggf
418 2741 1026 2911 *tpgpggssggcggggffjggg
1071 2796 1246 2850 ...aas
1266 2795 1294 2847 in
1315 2810 1420 2847 ...n
1438 2794 1567 2847 m...
1585 2792 1717 2848 ...tm
1735 2793 1860 2863 sm...

242 2919 411 2980 ίπδπάντων
424 2916 744 3000 Ἂράόωνπεριττότερον,
1070 2896 1192 2951 iubetur·

280 3007 415 3082 91·Ἐίῆς
433 3005 509 3087 δίτῇ
530 3006 710 3088 προειρημένῃ
727 3006 847 3087 παραλίᾳ
869 3007 944 3077 νῆσοι
957 3007 1026 3085 τρεῖς
1107 3019 1152 3072 91.
1166 3002 1297 3072 Deinceps
1307 2999 1403 3052 literali
1416 2998 1481 3052 huie
1493 2997 1595 3068 regium
1612 3007 1665 3051 tres
1677 2995 1769 3050 insule
1788 2995 1858 3067 adja-

1069 2101 1096 2143 et
1108 2088 1220 2143 transitu
1241 2088 1357 2142 difficile.
1397 2089 1511 2142 Humilis
1529 2090 1600 2142 enim
1618 2089 1740 2162 scopulus
1755 2086 1855 2143 aditum

1070 2187 1241 2257 intersepieus
1251 2204 1302 2239 uec
1315 2182 1461 2255 ingressum
1472 2186 1654 2255 navigantibus
1666 2204 1715 2239 nec
1725 2204 1857 2255 egressam

1069 2281 1200 2335 oonoedit.
1245 2284 1319 2335 Inter
1341 2282 1429 2353 magni
1452 2292 1539 2335 autem
1563 2282 1659 2336 fluctus
1679 2282 1810 2335 allisiones
1832 2294 1858 2336 et

240 3223 285 3278 οὖν
300 3225 393 3295 ὀλίγων
406 3225 526 3278 ἐντεῦθεν.
541 3226 657 3279 llitterus
668 3227 743 3290 xtv,
761 3242 789 3297 p.
807 3222 965 3293 19adhanc
977 3225 1027 3293 ly·
1073 3217 1392 3274 tribumistameSabaiea
1399 3217 1505 3287 regiam
1512 3215 1618 3270 boream
1629 3233 1719 3270 versus
1725 3215 1858 3288 paullatim

240 3321 290 3356 ινιιι
309 3303 420 3356 insulam
440 3301 532 3356 referri
552 3303 609 3356 rult
621 3303 749 3374 templum
768 3302 858 3367 Isidis,
871 3299 945 3372 quod
965 3303 1029 3369 §90
1073 3315 1235 3370 progressam
1247 3315 1312 3362 mse,
1324 3298 1360 3351 ita
1374 3307 1404 3350 ut
1418 3294 1700 3366 Agatharchidisaetate
1714 3295 1856 3348 cirealrod.

240 3392 411 3436 muneratur.
433 3382 503 3434 Fieri
522 3380 551 3434 id
574 3384 681 3452 nequit,
703 3399 787 3452 quum
808 3380 935 3451 templum
957 3376 1029 3432 istud
1073 3376 1177 3431 Hailalt
1190 3386 1348 3430 versaretur.
1363 3375 1556 3444 Wesselingius
1573 3389 1635 3426 eum
1652 3373 1858 3426 Banizomenen·

241 3460 320 3514 luisse
332 3459 435 3514 dieatur
452 3461 481 3512 io
493 3477 548 3513 una
561 3478 594 3513 ex
608 3461 692 3514 tribus
705 3459 816 3524 insidis,
830 3458 905 3530 cujus
925 3459 954 3511 in
968 3475 1026 3528 sqq.
1072 3454 1145 3508 sibus
1158 3455 1356 3527 componendos
1373 3455 1477 3526 putavit
1497 3453 1677 3524 Μνασομενεΐς,
1692 3469 1759 3523 quos
1772 3452 1858 3505 Ptole·

241 3540 435 3604 Artemidorus,
448 3538 583 3592 Diodorus
596 3550 623 3592 et
636 3541 745 3594 Photim
756 3540 943 3591 meminertmt.
958 3539 1029 3590 Rene
1072 3553 1154 3588 maeus
1166 3537 1216 3601 vl,
1229 3555 1245 3606 7
1260 3554 1287 3608 p.
1305 3541 1357 3599 406
1374 3535 1408 3589 ad
1423 3538 1556 3589 Zametem
1565 3542 1684 3588 montem
1695 3533 1723 3585 in
1737 3532 1860 3585 mediter-

241 3629 330 3672 autem
347 3619 463 3670 llitterus
482 3619 587 3671 monuit
607 3617 690 3672 fallaci
712 3634 840 3670 sonorum
858 3614 1030 3669 similitudine
1073 3615 1158 3668 reneis
1166 3615 1285 3669 oollooat.
1300 3616 1386 3668 Nimis
1399 3615 1555 3668 haecomnia
1568 3623 1630 3666 sunt
1643 3614 1752 3665 incerta.
1767 3611 1860 3679 Quod·

242 3694 364 3749 seductos
375 3712 434 3748 esse
452 3694 618 3749 Gosselinum
632 3699 695 3763 (II,
717 3712 746 3766 p.
761 3694 845 3766 2⁵3),
860 3696 1030 3748 Mannestum
1073 3711 1135 3746 uam
1145 3693 1319 3747 lueritt’anum
1329 3694 1538 3765 hujusregionis,
1551 3693 1584 3746 ab
1592 3691 1722 3745 Arabibus
1732 3692 1860 3744 universis

243 3772 313 3844 (VI,
326 3788 351 3837 1,
363 3790 390 3844 p.
405 3773 438 3840 37
451 3771 473 3843 ),
484 3772 559 3836 alios,
572 3773 618 3842 qui
634 3771 754 3841 Ἰωτάόην
766 3775 794 3826 in
807 3772 936 3826 hodierna
949 3773 1030 3825 ledea
1073 3788 1122 3842 pro
1129 3783 1218 3826 sancto
1225 3772 1356 3837 habitum,
1368 3790 1422 3826 non
1429 3781 1540 3825 constat.
1551 3774 1670 3825 Fuerunt
1679 3770 1725 3842 qui
1734 3769 1860 3823 uernat

229 3851 297 3904 sive
307 3851 391 3904 Iobab
406 3852 460 3904 sire
470 3852 567 3904 rectius
584 3851 689 3905 Foudea
703 3853 754 3905 ins.
770 3853 897 3922 reperisse
910 3851 961 3904 sibi
981 3851 1029 3904 risi
1074 3851 1085 3917 (
1098 3849 1224 3922 Ἰάθριππα
1239 3852 1488 3922 Stephani)signari
1507 3850 1654 3915 crederent,
1674 3867 1758 3920 quum
1772 3859 1859 3902 tamen

234 3939 313 3984 sunt.
1073 3929 1107 3982 ab
1119 3931 1230 3995 iislocis,
1241 3932 1268 3983 in
1278 3931 1375 4001 quibus
1383 3949 1455 3984 nune
1466 3947 1610 3995 versamur,
1621 3929 1690 3982 absit
1698 3928 1858 3998 longissime.

276 4012 357 4076 590,
374 4008 393 4062 l.
409 4013 436 4072 d.
451 4009 589 4080 κόλπος]
604 4011 654 4063 llic
669 4011 742 4063 sinus
759 4021 799 4062 est
816 4026 899 4080 prope
912 4007 1031 4062 Ain-une
1074 4010 1163 4062 Fuerit
1178 4009 1267 4062 lanum
1278 4010 1365 4080 potius
1377 4011 1405 4062 in
1416 4009 1475 4063 loco
1486 4027 1566 4080 quem
1581 4009 1674 4075 Ὄννην
1687 4019 1762 4062 vocat
1775 4009 1860 4062 Ptole·

243 4087 342 4156 (Ὄννη
356 4088 425 4142 Ptol.
437 4088 459 4160 ),
474 4090 700 4160 quisoopulorum
711 4100 784 4142 strue
795 4090 831 4141 ita
841 4089 1030 4158 circumseptus
1071 4105 1170 4153 meus,
1182 4089 1281 4143 Arabes
1297 4088 1525 4152 ἀίεοιιῑΑἱιι-ιιιιε,
1540 4090 1586 4159 qui
1597 4087 1744 4158 asseribus
1762 4105 1860 4141 nomen

236 4178 291 4232 est,
301 4178 332 4222 ut
339 4169 446 4221 nonnisi
452 4171 708 4238 angustusintroitus
714 4170 802 4241 parvis
808 4179 912 4222 tantum
921 4170 1031 4236 mrigiis
1073 4178 1166 4220 nactus
1174 4169 1318 4220 etiamnum
1328 4168 1449 4240 palmeta
1462 4166 1541 4220 habet
1554 4178 1581 4221 et
1591 4165 1761 4238 aquaeductus
1774 4167 1859 4220 urbis·

236 4256 338 4317 puteat.
349 4249 385 4299 V.
399 4257 520 4301 aocurate
531 4247 565 4301 tle
579 4249 620 4302 lais
628 4260 805 4321 exponentem
813 4248 915 4301 Carless
924 4248 953 4299 iu
966 4250 1031 4300 Pru·
1074 4263 1126 4316 que
1143 4247 1242 4300 ruinas.
1265 4244 1403 4314 Ejusmodi
1421 4247 1492 4298 enim
1513 4247 1570 4300 looa
1589 4247 1669 4312 sacris
1689 4244 1789 4299 delecta
1805 4265 1861 4299 esse

236 4324 360 4392 ceedings
377 4325 413 4394 of
426 4325 469 4380 tle
483 4327 597 4397 Bombay
614 4325 1029 4396 geog.soc.1837‚1an.p.37.
1075 4325 1491 4397 Arabibussuprajamridimus.
1505 4327 1858 4398 11-8.τῶνχερσαίων]

238 4402 284 4455 Cf.
310 4404 402 4456 Ritter.
435 4405 519 4468 xm,
541 4423 571 4476 p.
594 4410 656 4458 aad.
678 4421 741 4474 299.
766 4404 890 4457 Ceterum
919 4420 978 4473 qnae
998 4401 1032 4456 de
1075 4409 1123 4456 τῶν
1135 4422 1161 4457 τε
1175 4405 1297 4476 χερσαίων
1309 4407 1340 4459 C.

243 4481 297 4535 500
315 4481 404 4534 stadiis
421 4481 554 4551 leguntur,
570 4501 658 4536 vuum
668 4484 742 4536 sinus
752 4481 956 4551 longitudinem,
971 4498 1031 4552 quae
1111 4485 1126 4550 5
1137 4483 1206 4548 91,l.
1218 4503 1245 4553 9.
1257 4487 1353 4550 νῆσοι
1366 4484 1467 4555 τρεῖς]
1476 4483 1591 4538 Indioari
1599 4482 1722 4537 videntur
1734 4501 1792 4554 quse
1802 4495 1862 4554 post

242 4569 283 4611 est
297 4562 338 4614 so
355 4559 410 4614 lere
429 4561 590 4627 stadiorum,
611 4563 690 4632 longe
708 4561 850 4614 excedunt.
862 4563 921 4628 11-
935 4579 961 4629 7.
982 4561 1031 4612 Βα·
1079 4564 1165 4630 Dran
1178 4574 1325 4633 sequuntur
1341 4563 1433 4616 insulae
1448 4574 1501 4617 tres
1519 4561 1640 4633 majores,
1655 4563 1778 4616 Bar-alon
1791 4566 1801 4630 (
1813 4564 1861 4614 Isi-

243 4641 403 4710 τμιζομεν
411 4659 422 4693 ε
430 4642 472 4711 ῖς]
486 4641 659 4712 Βανιζομενεῖς
672 4641 785 4694 Diodor.
796 4638 878 4693 codd.
894 4641 1027 4705 ABDFG3
1075 4639 1116 4693 dis
1129 4640 1233 4712 insula)
1251 4642 1398 4695 &lasciua
1407 4643 1462 4696 sire
1477 4641 1682 4696 Abu-&luscha
1694 4641 1862 4709 (Σουκαόὺε)

243 4717 402 4789 Βνιζορενεῖς
414 4721 500 4787 CEQ3
515 4719 672 4790 Κνιζομενεῖς
691 4729 753 4772 cett.
775 4717 959 4772 Artemidoms
976 4737 1031 4772 non
1074 4729 1102 4772 et
1112 4720 1374 4791 Senafirffialubd).
1388 4725 1512 4774 luterens
1523 4719 1715 4790 Senafirsorma
1725 4737 1772 4772 sua
1784 4721 1862 4772 semi-

242 4796 364 4850 nominat
377 4807 496 4866 gentem,
506 4795 751 4868 nequealiundede
761 4814 792 4850 ea
801 4807 913 4850 constat.
926 4797 1032 4850 Fresnel
1075 4798 1195 4852 circulari
1206 4799 1294 4852 sinum
1314 4799 1477 4870 profundum
1489 4799 1580 4864 efficit,
1599 4817 1614 4852 a
1629 4799 1716 4852 nautis
1732 4797 1863 4867 indigenis

243 4891 287 4945 ap.
309 4876 441 4928 llitterum
462 4876 538 4941 XIII,
555 4893 584 4947 p.
606 4877 658 4929 312
680 4875 805 4946 opinatur
817 4893 915 4928 nomen
929 4886 1032 4930 oonua·
1077 4876 1289 4948 frequentatum
1310 4879 1426 4949 itemque
1439 4882 1562 4933 umam
1575 4879 1602 4929 in
1616 4889 1690 4948 parte
1706 4875 1824 4930 meridiei
1837 4887 1863 4929 et
1962 4912 1963 4933 τ

243 4964 317 5006 etum
334 4972 390 5008 esse
402 4972 435 5007 ex
448 4954 686 5026 Βανυζουδαμενεῖς,
703 4953 784 5024 idque
797 4971 853 5006 esse
865 4953 930 5006 Beni
947 4956 1032 5025 Djou·
1075 4958 1170 5010 orienti
1185 4957 1293 5009 obversa
1307 4957 1395 5010 sinum
1416 4957 1524 5011 navium
1543 4957 1650 5009 stationi
1668 4956 1747 5009 habet
1759 4973 1862 5008 accom-

243 5030 323 5085 ddom
340 5034 395 5085 sire
407 5034 548 5104 Djouzam,
569 5051 629 5105 quae
643 5033 729 5088 tribus
741 5035 829 5104 stirpis
839 5033 953 5086 Sabaioe
972 5034 1030 5085 Mo·
1076 5035 1187 5088 modum
1202 5037 1213 5103 (
1222 5053 1248 5088 r.
1259 5037 1344 5088 llitter
1357 5037 1432 5100 XIV,
1448 5053 1477 5107 p.
1497 5050 1559 5099 aua,
1571 5045 1743 5104 auctoresque
1757 5033 1792 5085 ibi
1805 5032 1861 5085 lau·

242 5111 349 5166 hemodi
360 5112 524 5184 temporibus
537 5131 589 5167 sec.
601 5113 701 5168 Ambos
713 5115 854 5186 scriptores
861 5112 896 5166 ad
906 5112 1032 5166 orientale
1076 5112 1162 5184 dati).
1180 5114 1249 5167 Fieri
1258 5125 1346 5167 tamen
1358 5124 1444 5185 potest
1455 5123 1485 5166 ut
1497 5112 1703 5183 Agatharchides
1711 5111 1788 5164 Isidis
1800 5110 1862 5164 sano
1961 5095 1962 5150 l

231 5191 317 5269 'sinus
329 5191 459 5246 AElauitiai
473 5192 557 5258 latus,
571 5193 618 5246 ubi
628 5211 700 5247 nune
711 5203 774 5246 sunt
784 5196 907 5247 Ηοινεεαε
920 5192 1029 5258 Arabes,
1075 5211 1175 5246 sacram
1188 5192 1285 5246 dixerit
1299 5193 1410 5246 Insulam
1427 5185 1515 5246 Wules
1530 5194 1577 5260 (in
1591 5208 1680 5263 mapp.
1692 5190 1860 5260 Berghaus.),

233 5279 272 5344 ,et
289 5269 323 5322 ad
341 5271 463 5324 intimum
478 5271 535 5341 ejus
553 5291 683 5326 recessum
702 5272 820 5343 degebat.
839 5271 932 5327 videri
951 5273 1031 5341 igitur
1075 5270 1144 5325 litori
1152 5273 1272 5342 proxime
1280 5271 1465 5338 adcubantem,
1476 5271 1621 5344 Sucabyam
1632 5287 1696 5324 vero
1705 5268 1861 5324 hodiernam
1960 5274 1961 5310 t
