3950 5925
697 405 935 468 srlnllslttls
958 409 1078 472 Manls
1100 413 1236 474 ltlttltt.
1708 435 1766 485 493

153 553 157 562 ·
194 550 243 588 aaa.
269 530 331 590 Ἀπὸ
345 531 493 608 Ἀνδριιιιῆς
507 535 541 598 εἷς
552 531 661 608 Σόμηνα
676 536 778 595 στάδιοι
788 535 820 596 δ’.
1017 544 1078 612 ²39·
1098 545 1140 597 ΑΙ)
1154 543 1284 598 hadriace
1298 546 1332 600 ad
1346 548 1457 601 Somena
1468 550 1551 602 stadia
1563 554 1597 604 80
1611 552 1669 619 (π’).

195 638 243 678 ιιι).
267 617 330 677 Ἀπὸ
342 621 471 694 Σομήνων
487 624 522 687 εἰς
537 621 662 700 Ἀπέρλας
676 623 779 682 στάδιοι
791 623 825 691 ξ’.
1017 635 1078 693 240.
1098 635 1122 683 Α
1133 632 1253 684 Somenis
1261 632 1295 685 ad
1309 635 1417 705 Aperlas
1432 635 1515 689 stadia
1527 643 1571 691 tto.

194 726 244 766 2ιι.
271 714 280 777 [
292 706 355 764 Ἀπὸ
371 707 502 788 Ἀπτρλῶν
516 708 559 765 ἐπὶ
567 707 580 734 *
596 710 759 788 ἀκρωτήριον
774 712 874 770 στάδιοι
886 714 940 792 ν’.]
1017 721 1078 779 24τ.
1093 718 1157 783 [At
1166 719 1273 788 Aperlis
1283 719 1341 771 ad*
1352 723 1560 792 promontorium
1569 723 1660 778 stadia
1670 725 1712 778 50.

194 814 244 854 2ι2.
269 793 356 851 Ἀπὸ*
373 796 535 874 ἀκρωτηρίου
548 797 583 860 εἰς
596 795 759 875 Ἀντίριλλον
772 801 872 858 στάδιοι
885 801 917 860 ν’,
1018 807 1079 865 242.
1098 808 1122 856 Α
1138 806 1321 874 promontorio
1334 805 1367 858 ad
1382 808 1561 878 Antiphellum
1573 810 1656 864 stadia
1669 812 1711 864 50.

126 903 139 940 ι
194 903 244 943 ata.
265 881 328 940 Ἀπὸ
342 881 506 963 Ἀντιρέλλου
515 885 550 948 εἰς
560 887 637 952 νῆσον
650 885 784 960 Μεγάσι-ην
795 887 896 945 στάδιοι
905 887 938 947 ν’.
1017 891 1080 951 243.
1098 889 1140 942 Ab
1150 891 1300 960 Antiphello
1314 891 1346 943 ad
1361 894 1488 962 Megisten
1502 896 1613 949 insulam
1627 897 1710 952 stadia
1723 899 1765 953 50.

195 989 246 1030 all.
271 969 333 1026 Ἀπὸ
348 971 482 1046 Μεγίστης
494 972 530 1037 εἰς
541 974 618 1042 νῆσον
631 970 736 1048 Ῥώγην
748 973 848 1030 στάδιοι
861 975 899 1032 v‘.'
1018 980 1078 1037 244.
1098 978 1239 1043 AMegiste
1250 975 1282 1028 ad
1293 978 1402 1046 Rhogen
1415 981 1526 1032 insulam
1538 983 1620 1034 stadia
1632 984 1693 1054 bo]

194 1077 243 1116 ata.
267 1057 330 1114 Ἀπὸ
354 1057 457 1136 Ῥώγης
476 1059 520 1116 ἐπὶ
543 1057 589 1124 τὰς
603 1060 754 1138 Ξιναγόρου
768 1061 861 1130 νήσους
875 1061 940 1119 eral-
1020 1063 1081 1123 ²45·
1103 1066 1126 1115 Λ
1145 1063 1235 1131 RhOge
1253 1064 1337 1116 insula
1357 1065 1489 1135 usquead
1509 1068 1654 1136 Xenagorae
1671 1070 1768 1122 insulas

155 1146 203 1202 διοι
221 1145 254 1205 τ’.
983 1147 1066 1200 stadia
1076 1151 1110 1201 80
1122 1149 1181 1216 (π’).

194 1251 243 1290 ale.
266 1232 329 1289 Ἀπὸ
343 1235 395 1289 τῶν
409 1230 558 1312 Ξεναγάρου
577 1231 663 1303 νήσων
678 1235 713 1298 εἰς
735 1232 848 1314 Πάταρα
868 1235 939 1293 στά-
1019 1239 1080 1296 246·
1101 1240 1125 1288 Α
1145 1237 1291 1304 XenagOPae
1310 1236 1401 1288 insulis
1415 1254 1498 1307 usque
1517 1238 1551 1291 ad
1573 1243 1665 1293 Patara
1685 1242 1768 1296 sladia

116 1340 140 1376 ιο
153 1321 202 1378 διοι
217 1319 247 1387 ξ’,
765 1319 768 1326 “
983 1333 1045 1374 sunt
1059 1328 1102 1376 60.

194 1427 244 1468 2ι7.
265 1407 328 1464 Ἀπὸ
340 1406 472 1486 Πατάρων
487 1407 529 1465 ἐπὶ
541 1406 659 1484 ποταμὸν
674 1409 777 1466 πλωτὸν
794 1408 939 1489 [Ξάνθον]
1017 1414 1079 1479 247-
1098 1414 1122 1464 Α
1142 1412 1242 1464 palaris
1261 1410 1294 1464 td
1313 1414 1484 1483 [Xanthum]
1507 1414 1617 1467 fluvium
1636 1419 1768 1486 navigabi-

154 1497 163 1571 (
175 1494 326 1572 ὑπέρκειται
341 1495 415 1560 πόλις
432 1493 550 1570 Ξάνθος)
563 1493 663 1552 στάδιοι
678 1493 706 1560 ξ’.
981 1497 1046 1563 lem,
1057 1500 1100 1550 cui
1110 1498 1232 1551 Xanthus
1238 1499 1303 1551 urbs
1311 1499 1500 1553 mediterranea
1509 1501 1618 1571 adjacet,
1630 1503 1714 1558 stadia
1721 1511 1765 1558 60.

195 1581 328 1640 2-ιιι.’Ἀπὸ
347 1586 392 1638 τοῦ
407 1587 528 1658 ποταμοῦ
544 1583 648 1640 Ξάνθου
664 1585 699 1648 εἰς
715 1581 874 1649 Πάδναςέπ’
893 1586 939 1640 εὐ-
1018 1586 1081 1645 248.
1102 1588 1124 1636 Α
1147 1585 1254 1637 Xantho
1275 1584 1358 1637 lluvio
1383 1584 1417 1637 ad
1439 1585 1543 1656 Pydnae
1567 1589 1606 1640 via
1626 1599 1695 1641 recta
1715 1601 1767 1643 sla·

153 1668 221 1734 θείας
236 1670 336 1726 στάδιοι
347 1667 377 1736 ξ’.
509 1667 512 1676 '
982 1669 1025 1722 dia
1038 1675 1082 1723 60.

115 1777 138 1814 ts
192 1777 242 1814 ato.
266 1755 330 1814 Ἀπὸ
348 1757 456 1815 ΙἸυδνῶν
475 1755 522 1822 ἕως
536 1761 582 1826 τῆς
597 1755 680 1836 Ἱερᾶς
695 1755 777 1836 ἄκρας
791 1756 889 1816 στάδιοι
903 1757 942 1817 π’.
1018 1760 1080 1824 249ι
1100 1759 1123 1809 Α
1138 1755 1229 1827 Pydna
1242 1757 1277 1810 ad
1285 1758 1711 1829 Sacrum-PmmOsslOllllmSladla
1721 1766 1764 1816 80·

152 1963 170 2016 Ι.
189 1963 206 2015 l.
221 1967 235 2030 5
249 1981 308 2018 τοο.
325 1964 411 2017 Hodie
423 1964 555 2018 Andrnki.
569 1968 603 2018 V.
618 1966 751 2020 Beaulort.
761 1984 789 2036 p.
805 1972 848 2019 26.
860 1967 940 2038 Apud
980 1980 1073 2021 nostro
1086 1967 1145 2020 loco
1153 1969 1279 2021 excidisse
1290 1981 1493 2023 consentaneum
1505 1980 1552 2023 est.
1567 1975 1607 2024 De
1618 1973 1767 2043 Antiphello

152 2042 321 2094 Ptolemaeum
338 2045 417 2094 series
430 2043 549 2096 locorum
562 2046 589 2096 in
600 2043 680 2098 codd.
695 2045 797 2098 turbata
807 2055 854 2098 est.
870 2045 940 2098 Vide
981 2057 1043 2116 post
1059 2047 1122 2099 alios
1143 2049 1294 2118 nuperrime
1307 2047 1375 2099 dixit
1388 2049 1484 2118 Spratt.
1499 2052 1522 2114 I,
1537 2067 1564 2119 p.
1585 2053 1619 2117 69
1637 2067 1644 2100 :
1663 2072 1674 2099 ι
1691 2053 1766 2104 Anti-

153 2130 208 2172 not.
222 2121 353 2189 Wilbergi
363 2121 407 2172 ad.
419 2139 446 2192 p.
461 2121 522 2173 325.
982 2124 1084 2194 phellos
1100 2127 1122 2177 is
1133 2143 1194 2177 now
1202 2125 1370 2196 represented
1384 2126 1419 2198 by
1432 2127 1513 2180 about
1522 2128 1593 2197 eight
1601 2128 1706 2194 bouses,
1719 2131 1768 2184 cal·

188 2203 202 2266 5
219 2205 281 2254 239.
304 2200 344 2251 Σό
352 2201 454 2270 pava]
471 2199 504 2261 εἰς
518 2200 668 2270 Σάμηναν...
689 2205 704 2268 5
727 2205 779 2263 240
793 2200 841 2254 ἀπὸ
855 2202 939 2271 Σομή-
981 2203 1024 2255 led
1034 2193 1180 2274 lutiphilo.
1192 2205 1251 2257 Tbe
1258 2205 1309 2275 hay
1320 2206 1348 2256 in
1367 2204 1471 2259 frontis
1483 2205 1545 2258 wild
1558 2206 1610 2259 and
1624 2207 1765 2273 heautilul3

153 2297 196 2330 ναν
208 2279 300 2343 codex,
316 2291 346 2331 ut
357 2278 469 2331 dubium
480 2280 556 2331 sitan
566 2280 630 2332 urbs
640 2279 756 2332 vocanda
766 2279 824 2346 sith
837 2281 939 2350 Σόμηνα
981 2280 1027 2336 the
1042 2282 1192 2333 mountains
1215 2283 1267 2333 rise
1288 2284 1454 2352 everywhere
1471 2284 1551 2355 holdy
1569 2285 1652 2338 above
1670 2304 1685 2338 e
1703 2286 1767 2340 little

152 2357 223 2409 anth
232 2358 343 2428 Σόρηνα.
356 2359 413 2409 lloe
423 2357 513 2419 malui,
524 2375 606 2426 quum
616 2357 726 2410 eandem
736 2358 828 2411 urbem
837 2361 939 2428 signare
980 2360 1097 2429 tranquil
1114 2360 1187 2413 basin
1207 2360 1334 2413 sheltered
1353 2361 1388 2433 by
1405 2363 1528 2416 aeluster
1549 2363 1580 2415 ol
1590 2363 1695 2416 ishnds.
1708 2365 1766 2417 The

153 2436 270 2488 videatur
289 2437 456 2508 Stephanus:
474 2435 580 2506 Σίριηνα,
597 2436 668 2497 πόλις
686 2437 783 2500 Λυκίας,
798 2437 936 2506 σὸδιτέριυς.
980 2448 1054 2490 coast
1066 2440 1088 2490 is
1102 2438 1206 2491 clotbed
1224 2439 1314 2491 witha
1336 2440 1471 2495 luxuriant
1484 2441 1658 2505 underwood,
1679 2444 1764 2512 sprin-

151 2518 317 2586 Quamquam
334 2516 525 2568 dubitationem
538 2514 623 2584 injicit
632 2516 710 2568 series
718 2515 847 2581 locorum,
859 2534 937 2586 quarn
980 2518 1043 2586 ging
1058 2535 1094 2588 up
1116 2518 1209 2568 within
1235 2535 1250 2569 a
1264 2517 1313 2569 lew
1329 2517 1380 2570 feet
1393 2518 1426 2570 ol
1434 2520 1479 2572 the
1498 2519 1601 2572 water’s
1616 2519 1691 2588 edge.
1708 2521 1766 2574 The

152 2595 256 2647 exhibet
269 2595 369 2647 Plinius
382 2596 418 2658 V,
432 2595 466 2646 28
481 2597 496 2661 5
510 2611 560 2648 τοο
580 2610 587 2646 :
607 2598 641 2646 In
659 2593 740 2664 Lycia
753 2594 837 2660 igitur
850 2613 868 2646 α
875 2613 938 2666 prn-
979 2595 1041 2666 hay,
1052 2596 1177 2664 although
1190 2614 1220 2648 so
1233 2596 1291 2648 well
1301 2596 1440 2661 sheltered,
1452 2599 1475 2649 is
1483 2597 1611 2650 rendered
1621 2598 1725 2664 useless,
1737 2617 1766 2652 as

151 2674 277 2726 montorio
288 2676 343 2744 ejus
352 2672 478 2745 oppidum
488 2672 599 2735 Simena,
607 2691 679 2726 mons
688 2673 938 2727 Chimeranoctr'bus
979 2692 1014 2726 an
1031 2676 1192 2744 anchorago,
1210 2674 1245 2744 by
1263 2674 1308 2727 the
1321 2678 1450 2728 exoaesive
1470 2676 1550 2746 depth
1567 2676 1599 2729 ol
1616 2676 1661 2728 the
1673 2688 1763 2742 water,

150 2754 274 2819 flagrans,
298 2752 478 2822 Hephaestiam
500 2751 615 2815 civitas,
631 2751 757 2824 oppidum
777 2753 936 2830 ΟΙγυιρυσ...
979 2753 1078 2818 which,
1091 2753 1159 2806 lrom
1173 2754 1251 2822 being
1261 2753 1366 2823 beyond
1377 2755 1421 2806 tbe
1432 2754 1562 2808 influence
1576 2753 1608 2807 ol
1621 2755 1765 2809 tbeturbid

151 2835 231 2897 δορα
254 2841 304 2883 etc.
331 2834 340 2898 ΙΙ
364 2831 543 2882 -στάδιοι
564 2830 609 2901 δ’]
631 2833 700 2883 Huic
720 2849 833 2884 numero
854 2831 937 2884 fidens
979 2832 1112 2897 Xanthus,
1123 2850 1231 2902 appears
1242 2830 1448 2900 duringacalm
1461 2832 1492 2885 ol
1502 2851 1530 2885 aa
1548 2834 1644 2903 deepa
1660 2833 1720 2886 hlue
1736 2852 1765 2888 as

150 2911 278 2981 Sprattius
297 2913 320 2973 1,
347 2911 395 2979 τδρ
416 2911 528 2963 Somena
551 2909 687 2963 Stadiasmi
710 2910 798 2963 retulit
819 2909 852 2963 ad
874 2929 936 2981 pro·
979 2909 1025 2960 the
1036 2920 1147 2962 western
1164 2910 1322 2962 oeean.Tbe
1339 2920 1401 2980 port
1413 2912 1435 2963 is
1455 2909 1557 2963 formed
1569 2910 1602 2981 by
1614 2928 1648 2963 nn
1661 2913 1765 2967 ancient

152 2991 233 3040 rimas
254 2988 390 3041 Andriacae
404 2990 507 3051 ruinas,
521 3007 585 3059 quas
603 2988 637 3041 ad
649 2990 742 3040 Suram
756 2988 843 3041 locum
856 2989 936 3059 Apol·
978 2989 1037 3057 pier
1053 2989 1195 3056 extending
1207 2988 1276 3040 from
1290 3006 1341 3039 one
1358 2989 1414 3041 side
1432 2988 1465 3041 ol
1471 3008 1486 3041 a
1499 2989 1573 3041 small
1586 2989 1725 3043 indentore
1737 2992 1767 3045 ol

151 3068 210 3119 linis
224 3067 330 3119 oraculo
342 3068 441 3119 clarum
457 3069 587 3138 pertinere
600 3077 672 3118 certo
685 3077 796 3119 constat.
810 3070 869 3136 (St.
883 3070 934 3121 tt:
980 3066 1025 3117 the
1036 3078 1117 3119 coast.
1133 3067 1197 3119 This
1213 3068 1272 3137 pier
1283 3068 1304 3117 is
1322 3066 1371 3118 still
1392 3068 1419 3119 in
1431 3077 1489 3138 parl
1510 3066 1593 3119 above
1608 3078 1696 3132 water,
1711 3070 1764 3121 and

151 3148 239 3217 Σοῦρα,
248 3149 363 3217 μαντεῖον
371 3146 466 3210 Λυκίας,
475 3147 529 3217 περὶ
538 3142 566 3198 οὔ
576 3146 741 3216 Πολύχαρμδς
752 3164 809 3216 φησι
817 3146 841 3198 ἐν
851 3149 937 3198 Λυκια-
979 3144 1079 3197 all'ords
1092 3146 1187 3198 shelter
1199 3156 1226 3197 to
1237 3146 1281 3197 the
1291 3144 1356 3197 little
1368 3145 1443 3197 hoats
1456 3144 1488 3197 of
1497 3164 1602 3215 passage
1619 3148 1764 3218 oonslandy

150 3230 215 3287 κοῖς·
245 3228 330 3279 :hano
345 3231 387 3277 νῦν
409 3228 482 3297 φρέαρ
500 3226 632 3292 θαλάσσης,
652 3225 730 3296 [tall]
750 3226 823 3286 τόπος
838 3226 937 3295 helpo,
982 3225 1090 3293 moving
1105 3224 1168 3276 nith
1183 3242 1334 3295 passengers
1348 3242 1380 3277 or
1399 3223 1580 3276 merchandise
1590 3235 1618 3276 to
1631 3224 1684 3277 and
1695 3225 1764 3279 lrom

150 3305 308 3376 καλούμενος.
319 3304 419 3357 Plinius
431 3306 546 3367 XXXII,
562 3321 588 3369 2,
605 3306 687 3357 8:111
699 3302 784 3371 Lycioe
801 3303 897 3372 Myris,
910 3304 937 3356 in
980 3303 1025 3355 the
1040 3301 1121 3355 island
1142 3302 1173 3354 ol
1185 3303 1351 3368 Castelorizo,
1373 3303 1521 3371 enlivening
1540 3304 1585 3356 the
1606 3321 1765 3375 appearance

142 3384 220 3452 sonte
232 3385 376 3457 Apollinis,
386 3403 459 3456 quem
469 3383 573 3435 Suriam
582 3382 727 3455 appellant,
740 3392 779 3432 ter
778 3381 874 3450 fistula
882 3400 938 3434 evo·
978 3381 1011 3434 ol
1023 3382 1068 3433 the
1081 3380 1130 3433 lew
1143 3381 1229 3451 placas
1240 3400 1275 3433 on
1290 3382 1334 3434 the
1345 3391 1416 3434 coast
1429 3380 1461 3433 ol
1469 3381 1549 3451 Lycia
1557 3381 1669 3434 wberea
1683 3383 1729 3436 sail
1742 3385 1765 3436 is

149 3462 205 3514 cati
218 3462 326 3515 'ueniant
344 3462 381 3513 nd
403 3462 553 3529 artgttrium.
573 3460 614 3512 Cl.
627 3460 721 3513 AElian.
739 3460 814 3523 vlu,
829 3463 861 3523 4ς
875 3460 936 3515 ΡΙυ-
978 3460 1051 3513 osten
1067 3478 1128 3513 seen
1142 3478 1177 3512 on
1191 3460 1235 3512 the
1250 3470 1353 3512 waters.
1370 3482 1381 3507 ι

150 3542 233 3595 tareh.
257 3545 297 3593 De
313 3541 410 3593 sollert.
426 3543 506 3593 anim.
527 3558 553 3611 p.
568 3544 631 3608 976,
646 3539 681 3603 C;
697 3538 880 3608 inscriptiones
892 3556 934 3610 ap.
1014 3541 1030 3605 5
1052 3543 1114 3593 243.
1139 3538 1331 3608 Μεγίστην]
1346 3536 1426 3590 hodie
1446 3536 1516 3591 Meis
1538 3535 1579 3589 vel
1599 3538 1762 3591 easrelortao.

148 3621 244 3689 Spratt.
264 3624 300 3683 Il,
320 3638 347 3691 p.
369 3626 435 3689 274;
448 3619 486 3672 id.
499 3621 535 3682 II,
557 3636 584 3690 p.
599 3617 666 3689 86.)
686 3617 718 3670 Id
739 3628 825 3669 tamen
842 3634 936 3687 parurn
978 3615 1021 3668 Cf.
1032 3616 1123 3686 Scylax
1134 3616 1199 3686 ibiq.
1210 3626 1267 3668 not.

148 3700 283 3768 probabile
303 3711 350 3752 est.
375 3704 519 3770 Quumque
536 3709 582 3751 aut
601 3698 628 3751 h.
653 3697 672 3749 l.
694 3707 739 3749 aut
762 3700 776 3764 5
799 3700 851 3758 24ο
875 3696 936 3751 laha
1015 3697 1030 3761 5
1054 3700 1116 3749 244.
1143 3692 1281 3765 Ῥώγην]
1305 3691 1397 3761 Ῥόπην
1415 3704 1442 3746 et
1462 3697 1542 3762 5245
1562 3692 1763 3760 Ῥδπηςσοιδοας

148 3783 270 3835 distantia
289 3784 452 3849 exhibeatur,
470 3794 561 3836 nostro
581 3783 668 3853 potius
682 3781 740 3834 loco
752 3780 936 3851 corrigendum
979 3773 1066 3841 Rhoge
1078 3774 1178 3826 Plinius
1191 3775 1227 3836 V,
1243 3773 1291 3833 353
1309 3770 1403 3844 ‘Pfl'lltls
1418 3777 1491 3840 ”5⁰05
1509 3772 1591 3844 ἔπλῖῇ
1605 3774 1692 3843 Λυκίᾳ,
1708 3776 1764 3861 sle·

148 3873 281 3932 pnlamus.
293 3866 385 3933 Itaque
394 3864 506 3916 Somena
517 3862 550 3915 ad
559 3862 694 3933 proximas
705 3862 794 3913 ruinas
803 3862 935 3931 pertinue-
979 3852 1082 3922 phallus
1093 3854 1156 3922 Byz·
1167 3851 1253 3905 Hodie
1261 3852 1364 3919 Hagios
1377 3854 1509 3921 Georgius.

147 3942 211 4002 rint,
224 3940 257 3992 ad
272 3942 394 3994 intimum
408 3943 487 3994 maris
499 3958 639 4005 recessum,
649 3941 691 3992 cui
706 3939 850 3991 Dolichiste
864 3940 935 3992 insu·
1015 3935 1104 3998 5245.
1122 3932 1307 4001 Ξεναγόρου
1318 3934 1328 4002 J
1339 3930 1380 3983 Cf.
1391 3930 1517 3983 Pliniusl.
1530 3930 1550 3984 l.
1563 3947 1569 3983 τ
1583 3932 1676 3997 Rhoge,
1692 3936 1764 3985 Enn-

148 4015 196 4085 la(
216 4019 242 4071 ll.
264 4021 396 4088 lul-ana)
416 4018 598 4091 pretenditur,
617 4020 723 4088 positas.
745 4018 887 4081 Hucusque
903 4016 936 4068 ah
977 4028 1042 4075 gom
1058 4011 1120 4079 (sic)
1143 4013 1222 4063 VIII
1231 4028 1266 4063 m.
1286 4028 1317 4080 p.
1334 4011 1384 4062 Vir
1394 4009 1488 4062 doctus
1499 4027 1542 4081 ap.
1559 4009 1685 4079 Silligiom
1699 4013 1763 4064 scri·

149 4097 278 4150 Andriace
286 4099 387 4151 suntad
395 4099 477 4151 stadia
485 4101 529 4162 80,
540 4096 606 4149 adeo
615 4107 645 4149 ut
654 4098 672 4147 Δ
682 4106 769 4147 ortum
777 4095 854 4147 luerit
863 4114 893 4147 ex
902 4096 932 4147 Π.
979 4088 1006 4139 bl
1021 4087 1113 4159 jubet:
1125 4095 1266 4156 Xenagoras
1280 4092 1367 4152 VIII,
1379 4089 1476 4141 omisso
1489 4108 1524 4141 m.
1540 4108 1570 4160 p.
1589 4092 1625 4142 Ar
1638 4107 1692 4141 non
1703 4101 1764 4143 oclo

183 4179 198 4242 5
215 4182 277 4238 240.
297 4176 441 4248 Ἀπέρλας
451 4180 460 4247 ]
471 4178 573 4243 Positus
587 4176 660 4227 loeus
673 4174 706 4227 ad
723 4176 810 4225 sinum
825 4176 870 4243 qul
891 4192 935 4226 vo·
979 4178 1042 4220 sunt
1055 4169 1154 4231 insulae,
1170 4168 1290 4231 sedduo,
1308 4167 1443 4220 Ochendra
1453 4176 1480 4219 et
1497 4166 1574 4236 longe
1588 4165 1673 4235 major
1685 4168 1761 4229 Volo,

148 4265 222 4307 entur
232 4255 462 4308 bnied'AssnrJhi
472 4254 607 4307 Coclterell
618 4256 644 4305 in
657 4252 733 4305 titulo
742 4252 828 4321 aliquo
840 4254 936 4323 reperit
979 4246 1056 4316 cujus
1077 4248 1204 4300 ambitum
1219 4249 1320 4301 notavit
1336 4246 1445 4300 Plinius.
1468 4246 1479 4315 ΙΙ
1502 4276 1538 4286 -
1549 4246 1631 4297 σταδ.
1643 4244 1684 4315 τ’]
1709 4246 1764 4314 lege

148 4352 246 4386 nomen
267 4334 478 4387 ltlEt’lElTull.
504 4337 535 4386 In
554 4332 669 4385 nummis
687 4330 815 4383 Gordiani
827 4329 906 4383 habes
927 4348 933 4383 :
979 4326 1050 4377 παδ.
1064 4324 1099 4378 π’.
1113 4327 1273 4394 41-5246.
1287 4324 1334 4378 ἀπὸ
1348 4330 1396 4377 τῶν
1411 4324 1557 4394 Ξεναγόρων
1576 4322 1648 4388 ood.;
1661 4342 1713 4378 em.
1727 4326 1762 4378 G.

148 4413 361 4477 lllEPPllltttll,
374 4414 441 4466 sicut
456 4412 564 4482 Ἀπέρραι
578 4412 650 4464 locus
661 4410 784 4462 scribitur
795 4408 865 4480 apud
876 4412 935 4463 Pto·
1015 4408 1101 4472 5247.
1118 4405 1214 4457 Ξάνθον
1223 4405 1352 4475 supplevit
1364 4403 1473 4456 Gallius.
1488 4405 1528 4455 De
1545 4403 1644 4456 Pataris
1652 4413 1679 4456 et
1690 4404 1764 4456 Xan·

148 4494 277 4546 lemaeum.
287 4492 405 4545 Eandem
418 4492 529 4545 sormam
540 4490 652 4559 Silligius
660 4490 773 4541 restituit
782 4488 866 4542 Plinio
875 4488 893 4541 l.
904 4489 933 4554 l.,
979 4484 1026 4537 tho
1038 4485 1148 4537 urbibus
1162 4503 1217 4537 non
1227 4482 1349 4554 estquod
1359 4493 1505 4535 moneatur.

148 4574 192 4625 uhi
205 4573 308 4625 codices
320 4590 326 4624 :
338 4572 453 4645 Aperite,
465 4569 570 4643 Aperie,
583 4573 680 4641 Apyre.
692 4570 758 4619 Cum
769 4569 865 4619 Nostro
875 4566 937 4621 sacit
1015 4566 1102 4632 5248.
1112 4564 1248 4633 Πύδνας]
1258 4566 1345 4616 Locos
1353 4561 1458 4615 aliunde
1469 4580 1522 4614 non
1530 4572 1618 4615 notua.
1631 4564 1764 4615 Pertinere

148 4653 280 4705 Hierocles
305 4670 332 4723 p.
356 4655 417 4715 684,
440 4652 486 4703 ubl
515 4649 641 4720 διπέρλαι,
664 4647 736 4718 quod
753 4647 934 4719 reponendum
979 4642 1013 4696 ad
1027 4661 1087 4696 eum
1102 4643 1197 4696 castelli
1209 4644 1297 4695 ruinas
1311 4660 1369 4712 quae
1379 4658 1462 4712 prope
1482 4642 1631 4694 Ualanmae
1643 4643 1764 4713 proxime

149 4734 264 4785 inNotit.
277 4730 427 4784 Eccles.ed.
439 4732 532 4792 Goar.,
544 4729 612 4782 ubil
627 4727 743 4799 ’tlaplllnv
755 4730 765 4795 (
776 4728 933 4799 ἐπίσκοπος),
980 4723 1007 4775 in
1023 4741 1070 4776 ora
1091 4732 1247 4793 sequuntur,
1269 4731 1401 4784 statuunl;
1421 4738 1581 4790 quamquam
1594 4720 1730 4789 hueusque
1747 4739 1763 4773 a

147 4821 172 4863 el
186 4811 256 4882 apud
267 4814 350 4865 leon.
362 4813 422 4882 Sap.
434 4809 495 4863 Ind.
507 4808 597 4861 eccles.
610 4826 639 4879 p.
652 4812 695 4877 47,
705 4807 749 4859 ubi
761 4806 774 4858 l
787 4806 933 4876 Ἀπρίλλωυ.
979 4802 1079 4854 Xanthi
1093 4803 1161 4852 ostio
1175 4802 1279 4853 nonnisi
1299 4800 1334 4852 30
1353 4798 1450 4861 stadia,
1470 4808 1497 4850 et
1517 4816 1532 4849 a
1551 4798 1635 4849 ruinis
1654 4799 1709 4851 istie
1728 4797 1761 4851 ad

183 4895 272 4957 5241.
289 4892 351 4943 Haec
368 4889 493 4960 supplevi.
519 4887 703 4957 Putaripossit
720 4889 800 4953 5242
824 4884 934 4955 ἀκρωτη-
979 4884 1088 4933 Sacrum
1100 4875 1763 4949 promnondosedtlostadiasunt.Benehabent

148 4969 199 5038 ρίου
214 4980 366 5039 corruptum
389 4987 443 5021 esse
461 4987 493 5020 ex
508 4966 556 5020 dab
573 4965 702 5036 Ἀπτρλῶν.
718 4964 768 5017 Sed
784 4974 851 5016 vetat
868 4966 934 5016 ratio
979 4961 1123 5023 distantia,
1137 4960 1158 5011 si
1170 4957 1268 5028 Pydnae
1283 4974 1380 5026 ponas,
1395 4955 1441 5007 nbi
1454 4956 1582 5025 Sprattius
1596 4956 1695 5007 notavit
1705 4974 1759 5007 cas-

148 5049 266 5100 locorum
287 5059 312 5100 et
330 5047 523 5100 distantiarum.
545 5047 613 5097 Nam
627 5050 660 5097 ah
681 5043 783 5114 Aperlis
800 5041 834 5094 ad
858 5044 934 5095 Anti·
980 5040 1070 5091 tellum
1083 5034 1538 5102 aevimedii(midle-agefortrcss).
1552 5032 1653 5101 Quodsi
1668 5033 1761 5087 eodem

148 5125 262 5195 phellum
275 5128 286 5194 (
300 5126 328 5178 h.
340 5126 471 5197 Antifilo)
486 5144 538 5177 non
553 5126 600 5189 50,
612 5123 658 5175 sed
672 5134 776 5174 centum
787 5122 841 5173 sere
853 5121 934 5174 stadia
980 5117 1122 5170 referendae
1135 5126 1196 5167 sunt
1217 5115 1305 5166 Κύδναι
1328 5113 1473 5176 Ptolema‘i,
1495 5123 1524 5164 ut
1536 5112 1647 5165 lealtius
1659 5125 1759 5175 censet,

147 5216 217 5257 sunt.
231 5208 262 5257 ln
275 5204 457 5257 medioautcm
468 5206 559 5257 itinere
568 5204 675 5257 obvium
685 5201 714 5253 fit
723 5200 934 5272 promonlorium
979 5200 1046 5250 mire
1063 5195 1096 5247 de
1111 5197 1163 5247 situ
1174 5194 1223 5246 loci
1238 5192 1399 5263 geographus
1412 5192 1517 5243 errarit.

150 5284 285 5336 meridiem
302 5302 390 5336 vorsus
406 5295 565 5355 porrectum.
581 5281 665 5353 llujus
680 5282 760 5351 igilur
774 5280 932 5333 mentionem
1015 5280 1029 5345 5
1054 5280 1106 5333 249
1126 5292 1184 5345 sqq·
1204 5275 1311 5327 Sacrum
1335 5271 1547 5343 promontorium
1575 5269 1687 5341 intellige.
1704 5288 1761 5324 eam
