3950 5925
656 374 898 438 SThllthllllS
920 372 1039 435 Mtttts
1061 370 1198 432 utum.
1673 384 1730 435 aaa

158 536 195 577 aa,
221 512 284 573 Ἀπὸ
299 509 419 589 Ιίόροιιιος
435 509 471 573 εἷς
484 503 638 585 Εὐρροινιὸς
659 503 760 563 στάδιοι
774 502 901 581 empta
983 512 1027 563 88.
1049 512 1071 562 Α
1093 511 1191 562 Coram
1216 509 1249 561 ad
1274 508 1438 579 Euphrantas
1462 507 1545 561 stadia
1564 524 1616 579 290
1640 514 1649 579 (
1661 508 1731 581 44’);

120 610 193 674 ἐστι,
205 601 251 659 καί
264 600 334 677 ὕδωρ
349 597 413 677 ἔχει.
947 606 1040 665 portus
1050 606 1106 660 est;
1122 613 1217 666 amram
1231 595 1303 647 locus
1317 594 1403 648 habet.

159 710 195 749 aa.
217 687 282 748 ’Aah
298 685 459 765 Εὖρραντῶν
473 680 518 741 ἐπὶ
531 680 575 738 τὸν
591 679 720 741 Amoris
741 677 841 737 στάδιοι
855 678 902 760 ρι’.
984 684 1029 749 89.
1050 681 1092 734 Ab
1103 681 1263 753 Euphrantis
1272 679 1306 732 ad
1321 682 1455 751 Dysopum
1468 680 1551 733 stadia
1565 681 1624 735 150.

121 886 319 957 roughstooes,
333 882 386 937 and
406 882 480 951 lastly
501 878 593 933 coated
607 878 907 933 witbanexoellentce·
949 898 1072 934 occasum
1093 892 1225 945 removet,
1252 880 1370 933 similiter
1390 882 1469 934 ctiam
1499 882 1591 935 Iscina
1616 882 1734 939 locuma

123 977 240 1020 ment...
255 968 287 1017 In
300 963 345 1017 the
358 958 562 1030 neigbourbood
575 959 607 1012 ol
613 958 659 1011 the
669 958 783 1029 military
792 960 907 1029 position
949 959 1064 1013 Pharace
1076 972 1103 1012 1⁰
1117 959 1158 1014 to'
1168 958 1303 1029 disjungit.

122 1065 167 1099 are
180 1046 226 1099 tbe
246 1046 361 1097 remaios
378 1040 410 1095 of
422 1040 468 1093 tbe
488 1049 562 1093 town
581 1036 802 1103 called-Medion,
820 1039 909 1091 wbete
985 1041 1064 1106 588.
1083 1037 1264 1109 Εὖρραντὰς
1277 1041 1286 1109 ]
1298 1038 1388 1108 nipyoe
1400 1036 1528 1109 Εὐφράντα
1540 1040 1733 1107 ΡιοΙ,;3ςηι,ο,

122 1125 197 1176 there
208 1140 253 1176 are
262 1140 279 1175 a
294 1120 408 1175 number
425 1117 457 1171 ol'
474 1116 545 1169 nelis
555 1114 609 1168 and
627 1114 704 1169 taolrs
718 1116 747 1167 in
761 1133 824 1187 very
838 1114 908 1186 good
950 1134 979 1187 p.
991 1117 1042 1170 836
1055 1133 1061 1169 :
1075 1116 1145 1169 Μετὰ
1154 1116 1181 1169 δὲ
1192 1115 1236 1182 τὴν
1246 1116 1337 1187 λίμνην
1346 1117 1419 1178 τόπος
1429 1116 1494 1170 ἐστίν
1507 1116 1595 1184 Ἀσπὶς,
1609 1121 1650 1173 acl
1658 1121 1735 1193 λιμὴν

123 1204 347 1275 preservation....
371 1202 407 1253 ht
419 1195 643 1252 Medinat-Satan
662 1195 738 1247 there
755 1195 777 1246 is
797 1193 909 1266 asandy
950 1192 1083 1255 κάλλιστος
1093 1198 1142 1245 τῶν
1150 1193 1218 1266 ivry
1228 1194 1322 1265 Σίιρτει,
1335 1192 1417 1264 ἐφεξῆς
1426 1194 1451 1247 δὲ
1465 1193 1626 1267 ὁΕιλρράντας
1635 1200 1734 1269 πύργος,

124 1284 174 1354 bay
188 1283 216 1334 in
227 1280 314 1333 wbieb
326 1279 402 1332 boats
415 1276 500 1346 might
513 1274 570 1328 find
581 1274 679 1327 shelter
691 1273 755 1326 with
768 1272 910 1344 particular
951 1272 1018 1343 ὅριοι
1026 1274 1070 1337 τῆς
1079 1273 1196 1342 πρότερον
1205 1272 1376 1342 Καρχηδονίας
1387 1275 1433 1342 γῆς
1442 1273 1484 1326 καί
1497 1277 1540 1341 τῆς
1552 1274 1685 1347 Κυρηναίοις
1694 1283 1732 1339 τῆς

124 1360 223 1426 winda,
238 1358 291 1412 and
303 1377 318 1411 a
330 1356 389 1413 lalte
399 1370 565 1409 commences
578 1352 651 1417 bere,
663 1351 815 1423 apparently
826 1349 908 1423 deep,
951 1350 999 1404 inb
1011 1350 1178 1423 Πτολεμαίῳ,
1197 1351 1264 1404 adeo
1275 1361 1306 1403 ut
1323 1362 1395 1403 certo
1409 1350 1526 1422 quodam
1541 1363 1659 1427 tempore
1671 1358 1734 1409 huc.

123 1439 211 1493 which
224 1439 430 1493 communicatas
442 1433 507 1486 with
534 1432 630 1484 tbesea
643 1432 670 1483 in
689 1441 742 1483 two
754 1428 848 1501 places.
866 1430 908 1483 Cl.
952 1445 1037 1501 usquc
1055 1430 1119 1482 fines
1135 1430 1274 1500 protulisse
1293 1430 1455 1499 Cyrenenses
1472 1430 1619 1485 videantur.
1643 1434 1682 1487 Cl.
1696 1438 1734 1489 St.

125 1519 217 1572 Barth.
233 1536 261 1590 p.
275 1518 338 1579 334.
355 1514 430 1567 Idem
444 1522 483 1565 est
505 1511 589 1576 locus,
606 1510 652 1579 qui
668 1508 702 1561 ab
716 1510 837 1562 Arabicis
848 1512 911 1562 scri-
952 1508 1015 1577 Byz.
1039 1523 1046 1559 :
1064 1506 1192 1577 Elippavra
1211 1506 1359 1579 (Εὒρροιντά
1373 1526 1398 1561 v.
1412 1507 1430 1561 l.
1443 1514 1464 1579 ),
1476 1510 1546 1571 πόλις
1557 1510 1658 1578 Λι6ιιιιι4.
1677 1510 1737 1567 Ἀλέ-

126 1596 247 1667 ptoribus
269 1605 380 1648 vocatur
400 1589 518 1646 Medinct
534 1592 593 1641 Sort
611 1588 651 1640 vel
670 1586 735 1649 Sirt,
748 1588 911 1658 praecipuum
953 1586 1053 1656 Εανδρος
1070 1585 1095 1639 ἔν
1113 1584 1139 1657 γ’
1156 1586 1275 1639 Aremtha.
1294 1588 1333 1640 Tb
1355 1586 1449 1641 ἔίίνικδν
1464 1587 1638 1659 Εὺρρανταῖζος.
1659 1593 1736 1662 Apud

124 1676 232 1744 Syrtica·
249 1672 366 1743 regionis
383 1670 542 1741 emporium.
561 1670 619 1721 Prae
631 1667 724 1719 ceteris
743 1665 778 1718 dc
795 1684 828 1718 eo
845 1665 912 1719 dixit
954 1665 1110 1717 Strabonem
1125 1662 1201 1736 λιμὴν
1216 1666 1347 1728 κάλλιστος
1361 1665 1444 1719 videri
1460 1669 1542 1737 possit
1555 1686 1638 1740 prope
1655 1672 1736 1740 Aspin

125 1752 286 1807 Abu-Obeid
298 1750 377 1804 Beltri
395 1755 405 1817 (
420 1750 448 1801 in
466 1746 575 1801 Notices
589 1758 615 1799 et
634 1744 749 1799 extruite
762 1743 794 1797 de
808 1744 834 1797 Ia
846 1746 910 1799 bibl.
954 1742 1112 1813 quaerendus
1126 1762 1191 1810 esse,
1203 1743 1248 1797 sed
1264 1744 1301 1797 ibi
1315 1744 1386 1797 bono
1399 1748 1488 1817 portui
1503 1747 1590 1801 nullus
1603 1748 1736 1814 cstlocns;

68 1853 73 1866 ·
125 1832 162 1884 du
180 1833 253 1885 mit.
268 1833 331 1896 ΧΠ,
351 1848 379 1901 p.
394 1828 490 1898 450);
507 1828 595 1881 «Son
613 1836 652 1877 est
663 1843 716 1877 unc
728 1824 828 1893 grande
838 1825 912 1891 ville,
955 1822 1154 1894 componendus
1163 1841 1224 1876 cum
1234 1823 1395 1896 Euphranta
1407 1824 1485 1878 turri.
1499 1827 1648 1897 Utrumque
1659 1830 1735 1897 perti·

126 1913 208 1963 simae
220 1928 265 1962 sur
282 1910 306 1963 le
319 1910 407 1977 rivago
416 1907 450 1959 de
468 1906 493 1959 la
504 1921 572 1969 mer,
586 1904 747 1955 environoee
763 1901 845 1955 d'uoe
855 1921 914 1955 mu·
955 1908 1001 1949 net
1014 1897 1048 1951 ad
1059 1900 1124 1954 hod.
1137 1900 1225 1955 Mirsa
1241 1912 1268 1955 et
1277 1906 1363 1956 Kassr
1376 1902 1504 1975 Sophron,
1518 1903 1552 1957 de
1561 1922 1615 1975 quo
1624 1905 1737 1960 dubitari

126 1990 198 2043 mille
207 1989 242 2041 de
252 1989 355 2058 brique,
365 1997 392 2039 et
400 1986 564 2039 reniermant
574 2001 627 2036 une
636 1984 771 2052 mosquec,
783 1981 830 2034 des
839 1982 914 2034 bains
955 1978 1058 2047 aequit,
1072 1981 1120 2033 etsi
1131 1979 1254 2033 distantia
1272 1981 1300 2033 in
1313 1979 1385 2035 sad.
1401 1992 1489 2034 notata
1502 2001 1555 2035 non
1570 1983 1644 2037 ducit
1665 2004 1740 2037 eous·

126 2079 153 2122 et
168 2069 213 2120 des
233 2066 369 2131 marchen
391 2063 438 2117 elle
458 2083 473 2117 a
490 2062 554 2115 trois
573 2072 675 2132 portes,
692 2060 780 2112 savoir
796 2060 821 2111 la
838 2072 915 2130 porte
955 2072 1018 2125 que,
1033 2075 1118 2127 quum
1127 2077 1181 2111 non
1196 2074 1258 2124 aoo,
1271 2059 1318 2113 sed
1330 2060 1382 2115 300
1393 2059 1447 2113 lere
1456 2060 1536 2115 stadis
1546 2063 1665 2135 Saphran
1681 2063 1738 2135 (vel

128 2144 345 2209 meridionalela
363 2140 566 2215 septentrionale
585 2150 676 2192 etune
695 2138 754 2209 plus
770 2140 851 2208 petite
867 2141 913 2209 qui
956 2134 1740 2209 Zaffrm)ponus(1t⁰21'rt''tong.)aMedinetsm-

129 2223 234 2277 menei
258 2223 283 2276 la
302 2241 369 2274 mer.
388 2222 444 2274 Elle
462 2220 504 2273 n'a
523 2220 600 2291 point
616 2218 651 2269 dc
670 2217 827 2286 laubourgs5
849 2220 914 2271 mais
956 2225 1004 2265 tan
1016 2217 1027 2282 (
1040 2220 1094 2279 14⁰,
1107 2216 1159 2277 55',
1173 2216 1207 2269 3''
1220 2216 1291 2286 long.
1304 2217 1387 2289 Par.)
1408 2216 1554 2287 disjunctus
1566 2221 1608 2271 sit.
1623 2220 1741 2293 becchey

128 2323 169 2355 ses
180 2305 303 2356 environs
315 2301 413 2354 oll'rent
422 2298 581 2371 partoutdes
590 2297 675 2369 plauts
683 2296 856 2367 depalmiers,
866 2297 914 2351 des
956 2311 983 2364 p.
997 2295 1045 2363 137
1056 2312 1062 2346 :
1078 2317 1088 2343 ν
1100 2294 1203 2347 Zallran
1212 2296 1258 2348 has
1266 2296 1331 2348 been
1342 2295 1495 2368 evidentlya
1504 2298 1617 2369 military
1627 2300 1737 2363 station,

125 2382 245 2452 jardins,
257 2380 303 2433 des
312 2381 383 2451 puits
396 2378 474 2431 d’eau
489 2377 575 2430 douoe
587 2375 656 2429 etde
669 2386 751 2427 vastes
764 2377 910 2429 citernes...
955 2372 1009 2425 aod
1020 2375 1039 2425 it
1051 2374 1073 2425 is
1088 2374 1162 2427 there
1173 2375 1229 2427 that
1242 2392 1282 2427 wc
1293 2374 1376 2444 began
1388 2385 1417 2428 to
1429 2376 1550 2446 perccive
1561 2394 1635 2429 more
1648 2378 1741 2449 clearly

131 2464 181 2513 Les
196 2460 327 2513 habitante
340 2458 374 2510 de
386 2460 448 2511 Sort
459 2468 519 2510 sont
530 2456 577 2508 des
588 2456 707 2508 hommes
718 2454 803 2506 beaux
818 2464 844 2507 et
854 2455 914 2508 bien
956 2452 1002 2505 the
1016 2464 1108 2506 nature
1119 2453 1151 2506 os
1157 2453 1231 2507 those
1246 2472 1391 2507 numerous
1404 2454 1599 2525 quadrangulae
1609 2457 1742 2527 buildings

130 2538 198 2603 faits,
214 2540 280 2591 mais
292 2556 355 2591 avec
366 2536 478 2607 lesquels
490 2554 526 2588 on
538 2553 573 2587 ne
583 2544 648 2605 peut
660 2534 735 2586 avoir
751 2550 803 2602 que
819 2532 866 2585 des
875 2553 915 2587 re·
957 2532 1044 2584 which
1057 2550 1101 2585 are
1115 2532 1243 2586 scattered
1255 2534 1283 2585 in
1295 2533 1328 2587 all
1340 2532 1483 2586 directions
1494 2552 1557 2587 over
1570 2534 1616 2589 tbe
1623 2537 1705 2607 Syrtis
1714 2538 1740 2589 in

130 2619 224 2671 lations
235 2616 431 2670 commerciales
439 2614 520 2668 d'une
533 2624 627 2666 nature
639 2611 820 2681 desagreable5
834 2613 864 2665 ils
881 2632 915 2667 ne
956 2613 1062 2686 passing
1081 2610 1149 2663 lrom
1167 2611 1262 2665 Sooleb
1284 2620 1312 2663 to
1328 2613 1438 2681 Bengazi
1461 2637 1510 2665 ι...
1525 2614 1555 2665 Ρ.
1572 2615 1621 2682 139
1636 2631 1643 2666 :
1660 2616 1741 2668 ιΤίιο

131 2696 245 2749 vendent
258 2706 285 2747 et
298 2692 446 2747 n’achetent
461 2711 513 2763 que
528 2693 633 2744 suivant
649 2708 687 2743 un
703 2689 768 2741 tatis
775 2690 853 2760 qu’ils
867 2702 915 2745 ont
957 2700 1055 2759 portat
1067 2689 1171 2743 Zallran
1184 2692 1206 2743 is
1219 2690 1273 2743 also
1285 2691 1365 2743 much
1388 2691 1436 2743 less
1447 2691 1512 2745 thau
1526 2691 1660 2763 formerly,
1676 2694 1740 2758 and,

131 2778 182 2828 lixc'
196 2786 271 2827 entre
293 2793 360 2838 eux,
380 2783 407 2825 et
430 2772 498 2824 dont
511 2771 542 2823 ils
561 2788 595 2822 ne
613 2768 753 2821 s’ecartent
771 2787 851 2839 pas..
865 2773 916 2823 bes
957 2768 1009 2821 lilte
1021 2770 1077 2822 that
1101 2780 1128 2823 at
1145 2769 1255 2835 Lebida,
1274 2769 1363 2841 nearly
1386 2768 1456 2823 filled
1475 2788 1511 2841 up
1532 2772 1594 2823 with
1616 2770 1695 2837 sand;
1712 2793 1742 2826 so

131 2854 263 2905 habitante
274 2851 308 2904 de
319 2852 381 2904 Soet
391 2860 452 2903 sont
462 2860 574 2902 souvent
582 2848 702 2917 designes
717 2847 915 2917 parlesurnom
957 2846 1014 2898 tbat
1023 2846 1147 2915 although
1161 2848 1180 2899 it
1193 2858 1289 2901 cannot
1309 2866 1370 2900 now
1384 2846 1417 2899 be
1435 2848 1591 2901 considered
1607 2868 1634 2901 as
1645 2868 1661 2902 a
1674 2852 1743 2919 good

132 2930 344 2984 ‹t'Abia-rortat
360 2929 494 2999 (esclaves
502 2928 536 2981 de
549 2927 668 2998 Korlah)
679 2946 686 2991 ;
699 2935 727 2978 ct
737 2944 767 2979 cc
781 2926 918 2999 sobrlquet
958 2942 1010 2977 oue
1024 2926 1104 2993 (nor,
1127 2923 1236 2992 indeed,
1253 2928 1279 2978 in
1295 2926 1340 2979 tbe
1355 2936 1461 2998 present
1474 2929 1635 3000 acceptation
1650 2928 1682 2981 os
1698 2930 1744 2984 the

133 3012 216 3063 excite
224 3029 258 3064 au
267 3010 325 3081 plus
334 3010 398 3062 haut
408 3011 485 3080 point
493 3010 550 3061 leur
561 3023 704 3060 courroux.
715 3008 759 3058 Un
768 3010 845 3077 poete
855 3009 917 3061 sati·
958 3014 1037 3069 term,
1050 3023 1077 3057 as
1086 3023 1137 3075 any
1149 3016 1209 3075 port
1218 3015 1246 3057 at
1255 3005 1287 3058 all
1297 3006 1305 3077 )
1315 3007 1336 3058 it
1346 3023 1405 3076 may
1415 3006 1539 3077 certainly
1549 3007 1615 3060 have
1623 3007 1743 3062 allorded

133 3092 208 3160 rique
221 3108 237 3142 a
252 3089 292 3142 dit
305 3087 449 3158 coperiant
460 3085 562 3138 d’eux:
585 3087 661 3138 ules
677 3084 917 3140 esclavesdeKor·
959 3100 1022 3152 very
1043 3083 1112 3152 good
1137 3083 1232 3135 shelter
1257 3083 1309 3136 and
1331 3083 1558 3138 accommodatiora
1582 3083 1623 3137 lor
1649 3087 1742 3140 vessels

134 3168 175 3221 lah
186 3179 247 3221 sont
259 3167 365 3240 lasplus
380 3165 487 3222 lourboe
507 3165 553 3218 des
570 3164 690 3217 hommes
702 3163 769 3216 dans
779 3164 839 3218 leur
852 3165 918 3219 rela-
959 3161 1025 3214 such
1039 3179 1067 3214 as
1079 3161 1154 3215 those
1172 3161 1203 3214 ol
1212 3163 1256 3215 the
1265 3164 1391 3215 ancients.
1406 3165 1432 3216 It
1442 3164 1463 3214 is
1475 3161 1577 3216 formed
1591 3163 1625 3234 by
1639 3165 1742 3237 aroclty

134 3250 203 3300 tions
222 3244 416 3300 commerciales
439 3254 465 3296 et
484 3243 521 3296 les
538 3244 598 3315 plus
618 3243 751 3296 criminels
773 3242 840 3297 dans
860 3245 918 3298 leur
958 3238 1120 3311 projection,
1135 3241 1221 3294 which
1234 3241 1362 3312 appeared
1376 3253 1403 3295 to
1414 3242 1480 3296 have
1491 3243 1557 3294 been
1571 3243 1655 3314 partly
1668 3254 1743 3296 natu-

133 3325 257 3379 conduite
267 3348 327 3378 ι...
336 3327 386 3378 Les
396 3323 516 3377 babitans
525 3323 559 3376 de
568 3321 871 3393 Sortparlententreenx
880 3342 917 3378 un
959 3315 998 3370 r'at
1010 3317 1062 3372 and
1072 3319 1157 3392 partly
1169 3320 1301 3384 artificial;
1314 3319 1367 3373 aad
1381 3319 1483 3390 though
1496 3321 1529 3373 its
1539 3321 1746 3376 inconsiderable

130 3405 224 3476 jargon
239 3407 284 3474 qui
294 3422 332 3480 pe
345 3402 485 3456 rassemble
495 3404 523 3454 ni
534 3401 550 3455 t
563 3401 669 3465 l'ambe,
680 3402 708 3453 ni
721 3419 755 3454 au
770 3420 874 3472 persen,
889 3404 917 3457 ni
960 3399 1013 3450 sire
1025 3399 1113 3452 would
1125 3411 1172 3453 not
1190 3398 1265 3453 allow
1280 3400 1372 3453 vessels
1390 3401 1417 3453 in
1430 3402 1450 3452 it
1465 3411 1493 3454 to
1507 3401 1564 3452 ride
1582 3400 1650 3453 clear
1662 3400 1693 3452 ol
1701 3403 1743 3454 the

133 3504 168 3537 au
188 3483 292 3548 berber,
312 3484 340 3535 ni
362 3500 397 3535 au
412 3493 503 3553 copte,
525 3492 552 3535 et
572 3481 619 3552 qui
638 3478 705 3533 n’est
722 3479 840 3534 entend'u
865 3500 918 3554 que
960 3476 1056 3530 sorsin
1071 3479 1153 3548 agale
1166 3478 1198 3532 ol
1207 3479 1289 3543 wind,
1305 3489 1348 3550 yet
1359 3481 1386 3531 in
1398 3477 1532 3532 moderate
1545 3480 1660 3532 westher
1672 3481 1747 3535 there

133 3565 213 3617 d'eux
223 3563 302 3616 senis.
316 3563 351 3615 Ila
363 3561 486 3615 different
499 3579 533 3614 cn
551 3571 609 3613 tout
627 3561 702 3631 point
721 3559 768 3613 dea
785 3560 918 3615 habitante
960 3555 1049 3608 would
1062 3556 1095 3608 be
1107 3557 1181 3628 quite
1194 3557 1325 3610 sufficient
1339 3557 1434 3610 shelter
1446 3555 1488 3609 lor
1500 3559 1571 3611 them
1586 3567 1613 3610 to
1623 3556 1682 3610 load
1693 3558 1744 3612 and

133 3642 168 3694 de
186 3641 329 3695 Tmbolos
350 3641 504 3713 (Tripoli),
526 3641 572 3711 qui
594 3651 655 3693 sont
667 3637 776 3710 les'plus
795 3641 918 3694 aimabtoe
960 3634 1075 3699 unload;
1088 3635 1141 3688 and
1158 3637 1186 3688 in
1205 3636 1249 3689 the
1267 3647 1344 3689 event
1357 3635 1389 3689 ol
1398 3654 1414 3689 a
1425 3635 1480 3706 gale
1495 3635 1556 3708 they
1570 3635 1654 3706 might
1664 3637 1746 3707 easely

134 3722 181 3772 des
201 3721 320 3773 hommes
337 3719 404 3772 daos
426 3720 495 3772 leurs
519 3717 642 3770 relations
661 3717 785 3783 sociales,
807 3719 843 3771 les
860 3719 919 3790 plns
960 3714 1027 3767 have
1038 3714 1105 3768 been
1125 3715 1220 3769 hauled
1235 3733 1271 3787 up
1289 3733 1324 3769 on
1337 3717 1381 3768 the
1404 3715 1497 3768 beach.
1509 3746 1546 3757 -
1564 3715 1622 3769 The
1633 3717 1747 3768 remains

134 3801 230 3871 probas
239 3800 304 3853 dans
312 3799 368 3852 leur
377 3816 484 3868 aegaee,
496 3807 523 3849 et
534 3797 570 3850 les
581 3796 641 3867 plus
652 3796 815 3867 hospitaliers
826 3816 919 3851 envers
960 3812 996 3846 on
1011 3795 1056 3847 tbe
1068 3794 1151 3848 beach
1164 3812 1209 3847 are
1221 3793 1389 3848 constructed
1409 3795 1473 3848 with
1487 3793 1570 3864 larger
1584 3804 1671 3848 stones
1683 3796 1747 3849 than

134 3879 170 3931 les
181 3881 323 3947 e'trangers.
334 3902 345 3922 ·
362 3876 405 3930 Cf.
415 3875 502 3929 Edrisi
513 3877 537 3940 1,
553 3893 582 3946 p.
593 3879 656 3946 274,
671 3873 746 3945 cnjus
756 3877 919 3946 temporibus
961 3890 1006 3926 arc
1018 3872 1117 3943 usually
1125 3873 1263 3945 employed
1274 3875 1301 3926 in
1313 3873 1358 3926 the
1367 3874 1459 3944 Syrtis,
1470 3871 1532 3938 and,
1543 3872 1612 3926 lrom
1623 3875 1693 3926 what
1704 3893 1743 3926 we

134 3960 194 4009 Sort
216 3957 279 4010 urbs
293 3957 411 4012 Arabum
432 3953 628 4008 incursionibus
647 3953 715 4005 male
735 3952 829 4007 allecta
851 3965 916 4008 emt.
962 3950 1042 4004 could
1051 3954 1171 4022 perceive
1184 3952 1215 4004 ol
1226 3953 1309 4016 them,
1318 3951 1361 4005 ior
1372 3951 1416 4004 tlte
1428 3962 1486 4023 tops
1500 3952 1562 4022 only
1576 3969 1672 4024 appear
1685 3953 1746 4005 abo-

134 4038 256 4087 (kterum
269 4052 336 4104 quos
345 4034 424 4086 Rekri
435 4034 556 4087 homines
571 4033 665 4104 pingit,
683 4049 738 4083 non
753 4032 796 4085 alii
810 4034 860 4084 nisi
872 4036 919 4086 Ju.
964 4047 996 4080 ve
1009 4029 1053 4082 the
1062 4029 1137 4094 saud,
1149 4030 1214 4083 have
1226 4029 1292 4082 been
1305 4029 1372 4085 built
1384 4031 1449 4084 with
1459 4048 1532 4083 more
1544 4031 1607 4083 than
1623 4047 1747 4083 common

14 4151 20 4159 ,
135 4112 185 4164 daei
199 4111 305 4175 luerint,
313 4123 340 4164 et
352 4113 454 4165 Charax
464 4112 624 4175 locrrsrecte,
634 4120 665 4162 nt
676 4109 920 4181 videtur,a1apieo
963 4109 1093 4161 attention
1116 4118 1143 4160 to
1157 4107 1354 4181 worltmanship
1373 4108 1426 4163 and
1446 4109 1595 4180 regularity.
1608 4101 1703 4161 Traces
1721 4107 1751 4160 ol

135 4201 161 4241 et
180 4190 288 4246 Barthio
300 4192 470 4260 componitur
489 4208 550 4243 cum
570 4189 716 4251 mansione,
736 4189 834 4258 quaein
850 4191 917 4244 Tab.
965 4186 1085 4255 building
1099 4205 1158 4258 may
1171 4187 1225 4242 also
1237 4187 1269 4240 be
1281 4189 1408 4242 observed
1423 4188 1464 4241 lor
1478 4187 1565 4258 nearly
1577 4206 1592 4240 a
1606 4187 1666 4242 mite
1681 4187 1748 4239 lrom

135 4270 256 4338 Peuting.
271 4276 381 4320 vocatur
391 4268 484 4332 Scina,
500 4268 570 4320 locas
579 4266 728 4319 Iudaeorum
740 4266 873 4332 Augusti,
891 4269 918 4320 in
964 4266 1010 4318 tbe
1018 4267 1105 4318 Mersa
1113 4275 1140 4318 to
1152 4266 1196 4319 the
1210 4265 1347 4332 eastward,
1360 4265 1412 4321 and
1422 4267 1466 4321 the
1475 4267 1560 4320 whole
1573 4265 1645 4337 place
1658 4268 1678 4317 is
1687 4277 1750 4318 stre-

135 4349 198 4399 Itin.
210 4364 237 4417 p.
250 4347 283 4398 63
293 4346 389 4397 rectius
400 4345 506 4407 Iscina,
519 4357 545 4398 et
555 4345 650 4397 Ἰοιιινα
658 4344 728 4416 apud
738 4345 918 4412 Ptolemaeum,
964 4343 1023 4397 wed
1035 4345 1098 4398 with
1111 4344 1252 4414 fragments
1264 4346 1296 4398 ol
1302 4356 1415 4418 pottery.
1430 4368 1487 4396 ι-
1495 4346 1617 4398 Ceterum
1630 4344 1661 4396 ad
1678 4345 1749 4396 hunc

136 4427 182 4495 qui
204 4423 312 4495 quidem
332 4442 416 4494 quum
441 4425 526 4478 lscina
550 4424 638 4478 locum
669 4427 697 4476 in
722 4423 920 4480 mediterraneis
965 4423 1053 4476 locum
1067 4441 1128 4477 cum
1146 4425 1243 4495 Lapieo
1257 4437 1282 4478 et
1299 4425 1408 4479 Bartbio
1420 4423 1586 4478 referendum
1601 4434 1640 4476 eat
1651 4441 1748 4476 nomen

137 4505 184 4565 43⁰
199 4501 243 4556 ao'
260 4501 402 4572 longitud„
414 4501 556 4555 Pharacem
569 4504 669 4555 veroin
685 4521 732 4556 ora
750 4506 798 4567 44ο
813 4506 860 4558 30⁰
873 4523 920 4577 po-
964 4501 1091 4572 punicum
1110 4503 1239 4567 stationis,
1262 4505 1362 4573 quaein
1377 4504 1441 4556 Itin.
1454 4512 1563 4555 vocatur
1583 4501 1749 4554 Macomades

136 4591 196 4646 nat,
220 4599 314 4652 parum
336 4579 422 4633 lavero
442 4581 504 4633 huic
519 4581 653 4634 sententiae
669 4580 752 4634 videri
772 4584 863 4655 possit.
885 4587 920 4639 At
965 4579 993 4632 in
1011 4579 1081 4650 Syrti
1099 4582 1153 4648 (34
1165 4581 1229 4634 mill.
1242 4580 1402 4653 abIscina),
1419 4583 1446 4634 in
1466 4580 1535 4634 Tab.
1548 4581 1750 4650 Peutingeriana

136 4660 290 4713 Ptolemaeus
301 4657 366 4710 dum
381 4659 572 4712 mediterranea
584 4678 617 4712 ex
629 4661 782 4725 itinerariis,
797 4661 888 4715 litorea
905 4682 919 4716 c
963 4657 1130 4713 Macomades
1144 4660 1266 4713 Selorum.

136 4738 245 4809 Periplis
257 4737 402 4802 describat,
414 4740 508 4809 saepius
519 4738 625 4791 exhibet
631 4739 785 4809 incongrua,
800 4751 918 4812 utsupra
1001 4740 1070 4806 §8⁹·
1081 4738 1118 4789 Δν
1126 4740 1232 4791 eorda
1243 4741 1251 4810 ]
1264 4757 1360 4792 nomen
1370 4736 1476 4792 aliunde
1488 4757 1541 4792 non
1554 4748 1657 4792 notum.
1671 4737 1750 4809 Apud

135 4815 189 4885 jam
202 4817 325 4870 vidimus.
336 4815 417 4885 Quod
432 4828 461 4870 ut
473 4819 500 4869 in
510 4817 559 4870 hac
568 4835 675 4888 quoquc
686 4835 732 4870 ora
745 4817 790 4870 liat
799 4830 919 4889 apertum
962 4818 1132 4871 Ptolemaeum
1150 4822 1267 4888 sequitur
1280 4818 1415 4890 Σακάραζα
1434 4820 1522 4889 κώμη,
1537 4819 1575 4872 sic
1590 4817 1689 4880 Wilb.;
1704 4816 1751 4868 Σο·

138 4893 189 4945 boc
200 4912 283 4946 unum
302 4912 409 4948 moneo.
431 4900 497 4951 dms
515 4897 692 4950 Philaeoorum
709 4899 785 4968 ponit
803 4901 850 4960 46ο
865 4897 919 4967 45’,
965 4897 1065 4967 ιιάζαρα
1079 4897 1166 4964 vulgo,
1187 4896 1267 4966 idque
1280 4897 1393 4963 rectius,
1405 4907 1484 4968 puto,
1504 4913 1588 4967 quum
1602 4901 1751 4963 Zagazaena

139 4983 229 5026 contra
247 4992 309 5027 vevo
333 4976 482 5046 proximam
500 4975 564 5030 binc
581 4978 735 5040 stationem,
747 4976 869 5046 Tagulin,
886 4980 920 5041 ad
965 4975 1099 5029 mansioin
1109 4977 1219 5029 T.Peut.
1233 4986 1404 5042 memoretur,
1414 4975 1536 5030 culidem
1548 4974 1751 5040 nomcnsubest3

140 5051 151 5116 (
161 5051 222 5103 ltin.
234 5053 244 5119 )
254 5053 293 5104 vel
306 5055 340 5107 3ο
351 5055 396 5123 (Τ.
410 5057 453 5124 Ρ.)
467 5055 501 5108 ab
514 5056 575 5109 Aris
587 5054 660 5109 milia
670 5054 824 5120 distantem,
842 5054 922 5108 collo·
968 5071 1128 5125 quamquam
1138 5071 1168 5106 ea
1179 5055 1280 5108 mansio
1292 5053 1325 5108 ad
1337 5067 1453 5108 nostram
1466 5056 1599 5124 regionem
1608 5071 1663 5107 non
1673 5055 1752 5124 pcrti-

141 5138 183 5180 cat
198 5133 254 5192 440,
270 5133 313 5196 3ο,
330 5151 412 5203 quum
424 5133 576 5188 collocanda
593 5134 647 5186 lere
658 5145 724 5186 esset
735 5137 782 5197 46ο
801 5132 851 5187 15‘.
863 5137 922 5187 Jam
967 5143 1023 5196 net,
1038 5149 1124 5202 neque
1139 5150 1255 5186 errorem
1268 5133 1408 5186 Ptolemaeo
1420 5131 1542 5185 tribueris
1559 5131 1635 5184 talem
1648 5130 1750 5202 qualem

142 5208 210 5260 sicut
225 5209 354 5279 'l'hogulin
377 5215 403 5265 1⁰
422 5212 466 5276 45’
484 5215 565 5284 magis
587 5231 666 5285 quam
694 5212 805 5266 debebat
834 5231 922 5267 versus
967 5213 1059 5266 tribuit
1073 5212 1199 5265 ‘liartltius
1217 5230 1243 5283 p.
1267 5214 1327 5282 37²·
1343 5213 1476 5283 Σοικάζαρα
1497 5209 1564 5265 idem
1579 5211 1649 5265 locus
1663 5209 1749 5276 lucvit,
