3950 5925
235 432 293 485 268
714 422 896 484 tuouuttt
919 424 1113 502 (tuutattt,
1135 427 1187 487 UT
1208 424 1378 503 reatuu)
1802 428 1855 505 (a.)

233 552 315 634 μοιρίι
326 551 516 613 hainonensi
528 551 632 631 psyche
646 556 693 625 τῆς
709 551 850 622 blaviae*
866 553 909 613 διὰ
928 558 1014 633 ἀγκυ-
1058 571 1183 637 ttpocopa
1202 567 1256 618 sta-c
1270 568 1421 635 Praerupta,
1435 582 1493 635 quea
1501 575 1584 636 parra
1595 564 1699 635 quidem
1714 565 1852 619 destituta

233 642 358 721 ροόολίιυν
370 641 485 718 ποταμοὶ
493 641 508 672 ⁴
519 640 563 699 irai
575 639 686 719 δρόμους
700 640 726 709 ἓξ
741 642 804 720 παρ’
816 641 894 699 αὐτὸν
905 642 957 712 ἤδη
968 642 1013 700 τὸν
1057 658 1129 707 strat,
1141 645 1188 698 sed
1195 646 1323 698 strutiones
1335 642 1450 696 navibus
1456 644 1574 715 prebent
1582 643 1618 695 ob
1627 645 1684 696 loca
1692 646 1799 697 ancoris
1806 645 1851 715 ja·

235 727 314 787 λίόα·
326 719 381 787 cleu
398 726 522 805 Αἰγιαλὸς
539 728 585 786 καί
599 728 690 807 μικρὸς
705 726 751 785 καί
764 728 845 806 μέγας
861 730 901 786 ἐπ’
918 728 1014 794 ἄλλους
1058 724 1158 778 ciendis
1175 722 1360 790 accommodam
1375 722 1556 775 extenduntur
1569 723 1597 774 in
1613 740 1722 775 cursum
1740 723 1851 776 dierum

267 900 282 965 §
298 896 339 949 15.
357 894 408 948 διά
423 894 605 967 ἀγκυροόολ
615 897 666 949 loa
686 897 852 967 ποταμοὶ]
866 898 908 949 Sic
917 895 1018 962 σοιίσπς
1063 896 1233 966 scriptionem
1245 894 1369 963 pertinet,
1390 891 1537 944 exscribere
1551 902 1635 944 totum
1648 891 1736 955 tieem
1751 895 1853 945 unicus

231 974 259 1029 in
274 974 349 1028 editt.
364 975 473 1045 ποταμὸς
491 992 541 1046 pro
562 976 679 1046 ποταμοί.
695 978 783 1029 Locus
800 975 909 1028 mutilus
923 992 1018 1046 quam-
1063 976 1134 1026 enim
1151 984 1190 1025 est
1201 991 1280 1043 quem
1296 970 1416 1024 conferre
1431 970 1506 1023 liceat
1524 982 1619 1041 praeter
1631 988 1713 1042 pauca
1731 972 1772 1025 illa
1786 992 1852 1043 qua·

231 1071 292 1106 uam
307 1052 359 1107 sere
373 1055 400 1105 in
414 1055 569 1107 senteutiam
591 1053 739 1125 explendus
755 1056 799 1119 sit,
814 1054 926 1106 aliorum
947 1053 1018 1107 loeo·
1062 1054 1211 1105 Marcianus
1223 1069 1250 1121 p.
1264 1067 1296 1103 aa
1310 1048 1354 1102 ed.
1368 1049 1464 1102 Miller.
1477 1049 1586 1120 praebet.
1600 1051 1640 1102 Ita
1656 1049 1736 1103 habet
1754 1054 1777 1115 1,
1795 1068 1848 1120 17:

231 1148 291 1185 runa
306 1134 466 1203 comparatio
477 1131 645 1185 subindicare
654 1132 767 1197 videtur,
782 1136 835 1200 ut§
847 1136 892 1196 rt,
906 1131 951 1184 ubi
968 1149 973 1183 :
989 1134 1017 1186 τ“ο
1062 1129 1132 1183 hierii
1149 1130 1175 1187 δὲ
1188 1134 1261 1182 τοῦτο
1276 1129 1304 1181 ab
1322 1128 1439 1199 ἐμπόριον
1454 1128 1608 1199 (Oponen)
1625 1130 1753 1181 συνάπτειν
1767 1131 1852 1181 ἀλλον

230 1209 257 1263 δὲ
274 1210 391 1281 ἐμπόριον
405 1210 420 1277 ly
433 1210 520 1271 Μοόζα
533 1209 650 1281 ἀλίμενον
666 1210 720 1281 μὲν,
736 1210 839 1263 εόσαλον
852 1210 878 1263 δὲ
893 1209 934 1261 καί
948 1207 1016 1277 εόορ-
1061 1209 1165 1272 κόλπον,
1181 1207 1259 1279 ἀρχὴν
1274 1212 1317 1274 τῆς
1341 1206 1465 1271 Ἆζανίας,
1484 1202 1513 1258 oi
1534 1206 1596 1259 acal
1610 1205 1654 1271 τὴν
1669 1206 1749 1277 ἀρχὴν
1768 1208 1851 1261 ἐκκεῖ-

233 1308 280 1360 μου
294 1289 335 1342 διά
353 1290 383 1343 τὰ
402 1289 457 1360 περί
473 1287 548 1354 αὐτὴν
560 1288 686 1361 ἀμμόγεια
704 1289 879 1360 ἀγκυροόόλια.
899 1291 1019 1341 Fortasse
1061 1289 1117 1340 σόαι
1137 1289 1222 1359 Ζίγγιν
1244 1289 1318 1358 ἀκρον
1339 1286 1543 1357 καίΦαλαγγίδμ
1561 1287 1617 1355 όρος
1631 1292 1703 1356 τριῶν
1723 1289 1837 1357 κεραλῶν

231 1368 453 1438 igiturlegebatur
527 1367 649 1421 ’λιτόκοπα
658 1372 701 1435 τῆς
715 1366 836 1435 hieriae,
848 1367 953 1438 ἀλίμενα
963 1366 1017 1437 μὲν,
1060 1368 1190 1421 καλεῖσθαι
1201 1368 1227 1420 δὲ
1241 1370 1359 1437 τοῦτον
1380 1367 1480 1437 μόνον
1492 1365 1534 1417 τδν
1548 1366 1642 1419 κόλπον
1659 1364 1791 1431 Ἇπόκοπα,
1808 1371 1851 1420 καί

233 1444 324 1499 εόσαλα
337 1447 363 1498 δὲ
380 1446 420 1498 διὰ
434 1446 463 1499 τό
478 1445 545 1516 ἔχειν
563 1445 748 1518 ἀγκυροόολίων
762 1448 859 1511 τόπους,
875 1447 913 1498 ναί
928 1446 1020 1498 εόσαλα
1061 1446 1179 1500 διάπλουν
1192 1445 1259 1517 ἔχειν
1272 1445 1315 1498 δόο
1327 1445 1496 1515 νυχόημόρων·
1508 1444 1624 1514 παρήκειν
1636 1444 1711 1498 δ’·ἀπ’
1720 1444 1795 1497 cama
1806 1448 1850 1499 τὸν

232 1522 259 1575 δὲ
276 1524 316 1575 διδ
328 1523 507 1595 ἀγκυροόόλια,
520 1523 600 1589 ἠιόνες
611 1524 742 1594 άπότομοι,
760 1525 799 1578 vel
813 1526 862 1577 tale
873 1524 947 1595 quid.
961 1524 1021 1578 Flu·
1062 1524 1148 1596 μικρὸν
1161 1523 1279 1595 Αἰγιαλόν
1296 1523 1322 1577 ἔν
1339 1523 1436 1594 διάπλῳ
1449 1528 1522 1592 τριῶν
1535 1524 1720 1594 διαστημάτων,
1738 1521 1794 1577 εἶτα
1807 1528 1850 1578 τὸν

234 1601 292 1655 vius
306 1603 332 1653 in
345 1612 401 1656 toto
419 1602 470 1655 hoc
484 1612 568 1656 tractu
579 1602 665 1659 nullm
679 1612 727 1655 est.
742 1604 870 1657 Praeterea
887 1604 965 1657 verba
981 1599 1018 1657 ἐπ’
1062 1606 1139 1675 μέγαν
1153 1603 1271 1674 Αἰγιαλὸν
1292 1602 1317 1655 ἔν
1336 1601 1434 1673 διάπλῳ
1449 1603 1521 1655 πέντε
1538 1603 1728 1672 διαιτημάτων,
1743 1603 1851 1675 ἀμρστέ·

234 1678 308 1733 ababa
320 1678 367 1747 ἤδη
378 1680 420 1735 τόν
432 1680 491 1733 λίόα
502 1692 562 1752 post
572 1682 650 1735 verba
659 1684 703 1747 τῆς
714 1680 788 1747 ἀκτῆς
798 1680 830 1742 είς
839 1681 911 1733 νότον
923 1680 1021 1752 όποχω-
1060 1702 1116 1753 ρους
1127 1684 1154 1737 δί
1168 1682 1207 1737 ἐπὶ
1216 1682 1245 1735 τό
1259 1680 1319 1735 abab
1332 1682 1457 1752 τεσσάρων
1470 1679 1537 1752 ἔχειν
1547 1681 1666 1734 διάπλουν
1675 1684 1849 1755 νυχόημόρων·

234 1756 321 1826 ροόσης
341 1756 381 1812 ἐπί
394 1760 481 1814 πλιῖσν
493 1759 668 1830 corruptelam
686 1758 793 1811 alteram
809 1776 918 1827 arguere
936 1760 1019 1814 videri
1061 1763 1180 1833 ουνῆρδαι
1193 1761 1220 1815 δὲ
1231 1762 1325 1823 τοότοις
1339 1760 1418 1812 ἀλλον
1430 1760 1542 1825 κόλπον,
1557 1759 1584 1813 όν
1597 1757 1620 1833 ᾧ
1634 1761 1751 1833 ἐμπόριον
1764 1764 1793 1816 τὶν
1805 1784 1852 1816 κα-

234 1838 344 1905 possint,
357 1837 423 1891 adeo
443 1848 472 1891 ut
487 1838 628 1907 suspiceris
644 1838 700 1891 hae
714 1836 748 1890 ad
761 1847 913 1907 sequentem
931 1840 1019 1908 potius
1060 1840 1182 1912 λοόμινον
1198 1840 1300 1893 Ἐοσινά
1313 1840 1375 1911 μετὰ
1394 1840 1438 1892 ato
1449 1841 1712 1911 νυχόημέρωνπλοόν,
1726 1840 1782 1900 εἶτα
1800 1844 1852 1895 Σα-

234 1912 348 1984 αίγιαλδν
370 1915 527 1969 retrahenda
540 1934 595 1969 esse
608 1914 817 1986 legendumque:
836 1912 892 1967 εἶτα
906 1917 962 1985 παρ’
976 1916 1018 1968 uii-
1061 1920 1181 1989 ραπίωνος
1194 1921 1272 1990 ὅρμον
1285 1919 1347 1990 μετὰ
1362 1921 1420 1989 μιᾶς
1430 1917 1522 1989 ἡμέρας
1534 1918 1622 1972 πλοῦν·
1643 1918 1752 1977 taretin
1774 1922 1851 1991 ἀρχε-

233 2000 276 2053 τδν
293 2000 340 2070 ἤδη
355 2003 398 2057 τδν
413 2002 471 2055 λίόοι
483 2002 597 2075 αἰγιαλός
610 2003 664 2057 κτλ.
679 2004 794 2058 Athene
809 2002 889 2057 habet
906 2004 1017 2073 caligata,
1060 1996 1267 2051 detractate&
1282 1995 1376 2051 ‘Parati
1387 1998 1490 2068 φέροντα
1504 1997 1597 2050 κόλπον
1606 2004 1678 2068 τριῶν
1689 1998 1852 2071 νυχόημέρων

234 2080 315 2133 modo
334 2081 452 2135 locorum
467 2083 596 2136 rationem
617 2092 716 2154 speclea
734 2083 890 2135 accuratius.
911 2084 971 2149 Qua
992 2084 1019 2135 in
1062 2074 1153 2147 ἔχοντα
1166 2075 1294 2130 διάπλουν·
1310 2070 1339 2128 ob
1354 2076 1416 2128 κατὰ
1429 2075 1472 2146 μὲν
1489 2074 1531 2137 τάς
1550 2075 1626 2146 ἀρχάς
1648 2074 1764 2147 ἐμπόριον
1784 2076 1853 2131 εἶναι

234 2157 440 2215 discriminanda
460 2162 560 2217 innitor
571 2164 600 2215 F.
612 2162 646 2213 N.
660 2162 752 2214 Owcni
764 2160 840 2229 Angli
854 2178 954 2232 mappae
966 2180 1020 2214 orae
1061 2154 1089 2208 τὸ
1099 2156 1251 2226 καλοὺμείῦί
1261 2155 1355 2219 Τονίκῑ,
1372 2153 1436 2225 rap&
1445 2154 1472 2206 ll
1483 2154 1512 2206 τὸ
1528 2152 1634 2208 Ῥαπτδν
1648 2155 1723 2225 ἄκρον
1736 2157 1853 2226 ποταμὸν

233 2236 312 2308 hujus
330 2241 477 2304 maritimae,
490 2251 516 2293 et
533 2239 650 2311 ejusdem
668 2258 746 2311 opere
759 2239 832 2310 quod
847 2241 1017 2293 inscribitur:
1061 2234 1103 2286 τδν
1117 2234 1269 2304 καλοόρενον
1285 2231 1391 2286 Ῥαπτδν
1403 2232 1445 2285 καί
1457 2233 1609 2303 μητρόπολιν
1629 2234 1762 2305 όριόνυμον
1781 2234 1853 2305 αὐτῷ

235 2318 381 2371 Narratiue
393 2316 428 2386 of
438 2336 548 2387 voyrrges
562 2330 589 2371 to
599 2319 704 2391 explora
714 2319 756 2370 the
768 2319 858 2371 altores
870 2318 904 2388 os
909 2318 1017 2387 Africa,
1062 2314 1148 2384 μικρὸν
1160 2314 1299 2383 ἀπέχουσαν
1312 2317 1357 2379 τῆς
1371 2312 1505 2379 θαλάσσης·
1518 2313 1596 2365 τόνδ’
1611 2312 1660 2367 ἀπό
1671 2320 1720 2366 τῶν
1736 2312 1852 2367 Ῥσπτῶν

235 2393 340 2447 Arabia
352 2394 407 2447 aad
418 2393 603 2462 Mcdngnscar,
616 2396 766 2469 performed
782 2395 810 2448 in
827 2399 865 2449 H.
888 2400 929 2451 Μ.
944 2397 1020 2471 ships
1062 2390 1135 2461 μέχρι
1153 2396 1197 2445 τοῦ
1215 2391 1313 2461 Πράσου
1325 2389 1477 2461 ἀκρωτηρίου
1494 2390 1590 2444 κόλπον
1605 2393 1720 2461 μέγιστον
1734 2393 1795 2443 όντα
1807 2394 1853 2444 καὶ

235 2475 319 2525 Leuca
335 2472 391 2524 ιιιιιί
402 2476 565 2525 Barrocouta
585 2484 636 2527 etc.
655 2474 800 2541 (london.
824 2476 889 2529 1833
903 2480 923 2543 ).
944 2478 1021 2528 Owe-
1063 2466 1097 2539 μὴ
1108 2470 1182 2539 bellu
1189 2472 1321 2541 περιοικεῖν
1330 2470 1463 2540 lapidimus
1470 2468 1685 2540 ἀνθρωποφάγους.
1694 2470 1853 2525 ptolemeus

235 2551 295 2604 uiua
304 2552 385 2621 igitur
396 2552 414 2605 Ι.
427 2551 445 2604 ί.
459 2563 523 2605 ῑοιιι.
539 2554 563 2617 1,
573 2571 601 2624 p.
616 2554 667 2616 354
678 2556 713 2607 ita
726 2554 805 2606 habet
818 2570 824 2606 :
844 2578 855 2599 ι
869 2554 944 2607 Alter
961 2572 1020 2625 pas.
1062 2550 1143 2617 igitur
1154 2549 1190 2601 ab
1202 2552 1296 2620 Opone
1310 2566 1395 2619 usque
1408 2549 1537 2602 adfinem
1553 2548 1713 2618 Egialorum
1727 2566 1758 2601 aa
1775 2548 1851 2613 dies,

235 2630 294 2699 sing
310 2630 416 2683 Haioun
439 2630 504 2701 [ubi
514 2633 607 2702 Opone
619 2631 732 2703 Peripli]
749 2648 789 2683 we
801 2633 827 2684 in
845 2648 895 2685 one
909 2631 961 2702 day
972 2626 1032 2685 ran'
1063 2627 1139 2678 sicuti
1159 2628 1277 2697 Periplua
1296 2636 1394 2690 noster,
1410 2626 1621 2697 computa13sed
1636 2628 1733 2679 rectius
1745 2644 1791 2678 eos
1813 2626 1851 2677 ita

235 2705 314 2759 down
334 2708 416 2761 about
429 2708 516 2779 eighty
535 2708 607 2760 miles
621 2706 654 2759 ol'
665 2720 746 2774 coast,
768 2727 795 2762 as
816 2708 870 2765 sam
888 2728 915 2763 as
930 2714 984 2763 ttas
998 2710 1023 2761 el
1063 2704 1198 2757 distribuit
1219 2716 1249 2757 ut
1265 2708 1454 2779 upocoporum
1473 2706 1698 2775 praeternavigatin
1716 2704 1852 2774 usquead

236 2784 326 2853 Kinyle.
342 2787 400 2839 The
416 2786 500 2838 whole
517 2787 661 2845 shorewas
673 2786 753 2858 roeky
765 2788 817 2840 and
829 2788 938 2857 varying
952 2787 1021 2840 lrom
1063 2784 1125 2835 Noti
1141 2801 1213 2836 ceras
1227 2782 1236 2855 ί
1249 2788 1303 2835 aas
1316 2784 1341 2835 el
1351 2783 1449 2853 thyle)
1459 2785 1594 2854 pertinens
1605 2785 1712 2835 nonnisi
1723 2793 1854 2852 quattuor

236 2880 288 2917 aon
299 2874 326 2916 to
344 2868 396 2927 όοο
406 2865 468 2917 leets
480 2866 507 2917 in
521 2864 604 2935 hight.
621 2866 686 2918 This
699 2867 719 2917 is
729 2866 825 2919 known
836 2867 871 2937 by
883 2867 927 2919 the
937 2867 1022 2920 Arabs
1063 2861 1166 2914 dicrum
1178 2864 1220 2916 sit.
1235 2864 1375 2915 Distinctio
1387 2868 1478 2933 μικρῶν
1497 2874 1523 2915 et
1539 2863 1656 2933 μεγάλων
1667 2861 1798 2915 ἀποκόπτων
1814 2863 1853 2913 ad

235 2960 263 2994 as
272 2944 375 2996 chirre
386 2962 416 2996 or
426 2944 505 3011 rongi
513 2942 625 3010 ground.
638 2944 793 2999 southward
803 2945 891 3000 oiRas
902 2944 925 2998 el
936 2945 1023 3016 Khyle
1063 2951 1149 3012 partes
1159 2941 1263 2994 Hacine
1277 2942 1362 2995 litoris
1373 2944 1506 3013 perticere
1515 2943 1619 3013 potuit;
1632 2959 1792 3013 quamquam
1805 2960 1853 2994 nc-

236 3019 257 3070 is
271 3020 321 3088 Sef
336 3021 429 3087 Tucci,
444 3021 560 3074 thebaid
579 3040 611 3074 or
627 3022 758 3098 declining
781 3025 869 3088 shore,
884 3023 936 3076 and
956 3023 1022 3076 aller
1064 3022 1119 3073 seio
1131 3039 1164 3073 an
1182 3039 1237 3073 non
1261 3020 1401 3074 Ἆποκόπων
1424 3027 1515 3092 μικρῶν
1527 3039 1625 3074 nomen
1641 3022 1852 3091 praeruptissimo

235 3098 291 3152 that
299 3100 386 3153 Herod
395 3119 426 3153 or
438 3102 622 3157 mountainous
633 3113 755 3174 country.
768 3105 821 3154 nin
832 3121 925 3174 mappa
935 3113 1022 3156 autem
1063 3099 1144 3163 litori,
1162 3100 1235 3170 quod
1248 3110 1287 3152 eat
1308 3101 1378 3152 eirea
1399 3102 1613 3170 promontorium
1632 3100 1669 3152 El
1681 3100 1735 3160 Fil,
1749 3111 1854 3152 ceteros

235 3195 282 3230 ora
292 3179 327 3231 ita
339 3190 377 3231 est
386 3178 523 3244 delineata,
538 3192 567 3232 ut
579 3180 641 3233 inde
651 3182 684 3234 ab
699 3186 751 3236 lias
763 3181 871 3250 Hofhun
882 3193 952 3234 recta
961 3199 1023 3234 eur·
1064 3177 1195 3242 dederint,
1208 3189 1321 3232 anostro
1331 3189 1419 3230 autem
1429 3190 1537 3232 auctore
1546 3189 1658 3249 utraque
1665 3179 1722 3230 haec
1731 3177 1854 3231 λκόκοπα

235 3266 275 3308 rat
285 3256 421 3310 meridiem
432 3276 521 3310 versus
532 3277 579 3331 per
589 3263 641 3313 600
661 3259 715 3313 sere
725 3259 808 3313 studia
819 3277 901 3330 usquc
916 3261 948 3313 ad
969 3265 1022 3314 liras
1064 3259 1091 3310 iu
1102 3257 1216 3311 eundem
1227 3267 1340 3310 tractum
1353 3259 1406 3310 sint
1423 3257 1555 3311 translata.
1572 3260 1583 3326 ΙΙ
1596 3288 1631 3298 -
1644 3275 1669 3310 t.
1681 3261 1738 3322 τῆς
1759 3256 1833 3318 ’dic
1841 3289 1853 3301 ·

235 3334 330 3388 Maher
341 3353 388 3387 seu
407 3334 537 3399 Mulciber,
555 3338 617 3389 hine
635 3350 722 3391 autem
737 3336 883 3410 paullulum
902 3338 1024 3391 deflectat
1064 3336 1150 3407 νίας]
1164 3335 1205 3390 ad
1221 3336 1326 3388 initium
1338 3336 1441 3388 anctae
1453 3335 1608 3387 Ptolemaeus
1620 3337 1854 3404 memoratZingin

235 3431 324 3466 versus
335 3431 457 3465 occasum
468 3425 495 3466 et
508 3425 639 3486 praerupta
648 3433 702 3467 esse
712 3416 829 3487 incipiat.
843 3419 934 3486 ltaque
944 3417 1023 3469 verba
1063 3416 1276 3485 promontorium
1295 3414 1432 3482 Phalangis
1446 3417 1542 3467 montis
1562 3415 1701 3486 tricipitis,
1722 3415 1796 3484 quod
1811 3435 1854 3467 sc·

235 3496 278 3558 τῆς
292 3490 365 3556 ἀκτῆς
380 3491 413 3554 εἰς
427 3492 471 3544 τὀν
486 3493 558 3544 νότον
572 3492 749 3564 ιἰποχωροόοης
764 3494 803 3546 ἐπὶ
823 3495 910 3547 πλεῖον
929 3494 1022 3546 intelli·
1063 3494 1183 3546 eundum
1199 3495 1298 3546 tabulas
1310 3494 1378 3548 Ptol.
1393 3511 1448 3546 esse
1460 3494 1569 3546 deberet
1580 3499 1634 3546 llas
1649 3494 1751 3555 dieder,
1766 3511 1855 3564 quum

235 3569 319 3640 genda
336 3581 399 3622 sunt
416 3570 449 3623 de
459 3589 490 3622 eo
502 3581 598 3635 tractu,
609 3574 655 3645 qui
665 3573 698 3624 ab
712 3575 806 3642 Opone
815 3575 928 3644 pertinet
940 3591 1023 3642 usquc
1064 3575 1161 3625 montis
1173 3574 1292 3644 tricipitis
1308 3575 1408 3625 mentio
1421 3575 1551 3643 pertineat
1566 3575 1654 3644 potius
1671 3572 1705 3626 ad
1721 3577 1775 3627 Itos
1793 3579 1855 3627 Ηιι-

235 3648 430 3702 aduasrtauer
441 3648 508 3700 etad
520 3650 624 3702 initium
637 3655 686 3702 τῶν
699 3649 839 3705 Ἇποκόπων
849 3673 856 3714 ;
868 3654 923 3724 ipsa
934 3663 1022 3706 autem
1056 3652 1137 3721 fhrrn,
1149 3651 1216 3704 adeo
1228 3662 1268 3715 ut,
1279 3654 1301 3704 si
1311 3654 1422 3722 Oponen
1437 3663 1507 3703 recte
1516 3655 1557 3706 Pt.
1567 3651 1713 3716 collocarit,
1724 3653 1779 3705 duo
1788 3671 1855 3724 pm·

179 3777 185 3788 ,
238 3726 361 3780 Ἀπόκοπα
380 3725 506 3779 dicuntur
523 3729 572 3780 sita
586 3747 641 3780 esse
658 3730 714 3800 παρ’
732 3729 805 3782 ababa
823 3729 868 3796 ἤδη
889 3731 932 3782 τδν
952 3731 1020 3785 λίόα.
1064 3731 1195 3783 montoria
1209 3732 1378 3789 misceantur.
1393 3732 1510 3784 Pertinet
1524 3748 1570 3783 ora
1585 3732 1688 3784 Azaniae
1705 3732 1734 3784 in
1748 3732 1880 3803 Periplo‘

237 3803 556 3872 longitudollazinesive
563 3809 689 3878 praerupti
700 3808 791 3872 litoris,
800 3825 883 3878 usquc
892 3808 925 3860 ad
933 3827 1021 3879 prom.
1064 3809 1190 3878 usquead
1202 3809 1312 3880 Rhapta.
1326 3808 1427 3860 Eodem
1438 3808 1520 3861 modo
1528 3809 1683 3862 Ptolemaeus
1693 3811 1756 3873 vll,
1766 3815 1793 3873 4,
1805 3813 1854 3863 ubi

235 3883 261 3936 el
268 3882 348 3952 style
358 3885 481 3953 porrecti,
490 3883 636 3938 stadiorum
648 3897 688 3939 ast
698 3885 750 3938 leae
763 3891 830 3950 1400
840 3887 900 3939 inde
909 3906 924 3940 a
933 3905 1020 3959 prom.
1066 3887 1081 3939 ό
1095 3887 1186 3948 κόλπος
1199 3892 1242 3954 τῆς
1265 3888 1384 3958 Βραχείας
1403 3887 1527 3954 όαλάσσης
1545 3887 1644 3940 dicitur
1660 3889 1788 3941 συνάπτειν
1805 3888 1855 3954 τὴν

237 3962 347 4025 Μαόιτ,
361 3962 394 4014 ab
411 3964 505 4033 Opone
518 3974 606 4017 autem
620 3963 654 4017 ad
668 3969 721 4018 lias
737 3965 762 4018 el
776 3966 855 4037 Ktyu
867 3967 949 4020 stadia
960 3977 1024 4020 sunt
1064 3969 1113 4037 γῆν
1126 3972 1162 4037 τῷ
1175 3985 1201 4019 τε
1224 3964 1323 4038 Ῥαπτῷ
1341 3965 1484 4037 ἀκρωτηρίῳ
1501 3966 1544 4018 καὶ
1558 3967 1649 4037 [τοῖς]
1665 3967 1755 4028 νοτίοις
1768 3969 1854 4036 μέρεσι

237 4041 342 4093 circiter
353 4056 423 4094 aooo
436 4042 490 4094 sive
508 4052 635 4112 quattuor
649 4044 755 4098 dierum
769 4046 909 4115 navigatio.
925 4049 961 4099 At
974 4048 1023 4099 Pe·
1064 4049 1108 4112 τῆς
1121 4045 1238 4108 λζανίας.
1256 4045 1298 4098 Ci.
1312 4047 1439 4098 Marciao.
1453 4063 1482 4116 p.
1497 4061 1542 4098 aa.
1559 4047 1715 4115 Discrepant
1731 4064 1790 4116 quae
1804 4047 1852 4099 ha·

236 4118 319 4189 riplus
338 4131 427 4172 noster
441 4121 467 4172 in
486 4139 628 4191 parvorum
648 4141 859 4196 magnorumque
883 4121 1023 4180 ’λποκόπων
1064 4125 1108 4178 bet
1119 4127 1168 4190 tv,
1182 4142 1217 4194 7:
1236 4123 1365 4176 Ἐντεῦθεν
1380 4124 1434 4192 (ab
1445 4123 1589 4194 Elephante
1601 4134 1701 4188 monte,
1712 4142 1855 4194 quousque

236 4199 522 4267 praeternavigationem
534 4199 590 4252 dies
601 4211 737 4272 computat
749 4219 808 4265 sex,
819 4200 931 4272 ideoque
947 4202 1024 4256 litora
1064 4223 1124 4258 cum
1148 4203 1318 4258 Artemidoro
1346 4202 1556 4276 ichthyophagos
1582 4205 1713 4274 pertinere
1740 4205 1853 4274 statuit)

238 4287 371 4346 praerupta
389 4277 474 4330 multo
493 4276 596 4348 longius
614 4279 755 4350 producit;
777 4298 837 4332 nam
857 4281 1025 4352 incorruptas
1065 4285 1187 4356 μέγριτοῦ
1199 4280 1657 4353 Ῥαπτοῦάκρωτηρίουῆπαράλιος
1677 4282 1855 4350 πάοαΒαρ-

237 4372 292 4406 esse
312 4354 494 4408 distantiarum
516 4367 589 4410 notas
609 4375 642 4410 eu
661 4358 761 4428 reliqua
774 4357 966 4430 paraplinostri
980 4377 1022 4412 ra·
1064 4363 1178 4433 όαρία,
1198 4360 1324 4423 Ἀζανία
1342 4359 1404 4427 iii]
1426 4360 1591 4431 ἐνδοτέρω.
1611 4360 1722 4413 Meliora
1741 4358 1855 4427 legimaas

238 4435 307 4486 tione
325 4444 396 4504 patet
415 4433 569 4488 luculenter.
595 4437 680 4506 Igitur
703 4434 843 4490 ’λποκόπων
865 4443 955 4508 μικρῶν
980 4439 1022 4491 καί
1066 4440 1361 4511 infragmentoDiodori
1369 4442 1448 4494 Samii
1457 4459 1500 4511 ap.
1511 4439 1621 4493 Ptolem.
1632 4441 1655 4503 1,
1669 4457 1712 4508 17,
1724 4439 1854 4490 ιιίνῑετῶν

238 4511 355 4582 μεγάλων
378 4515 486 4566 nomine
503 4515 599 4567 Noster
616 4525 710 4585 praetcr
730 4515 834 4569 Hazine
854 4516 930 4581 litus,
948 4517 1022 4586 quod
1065 4521 1272 4591 διαιρουμένων..·
1289 4520 1401 4591 ἐμπόρων
1415 4518 1456 4572 tat
1473 4519 1503 4571 τδι
1521 4518 1645 4589 λρώματα
1662 4519 1704 4569 καί
1719 4514 1763 4582 τὴν
1781 4515 1853 4578 ’rita-

237 4592 321 4643 solum
334 4610 394 4644 vere
405 4603 566 4666 praeruptum
577 4604 626 4658 est,
640 4603 753 4649 tractum
771 4611 876 4666 quoque
887 4595 936 4664 Srs
945 4597 1024 4649 Tuci!
1065 4601 1120 4652 νίαν
1132 4600 1173 4651 καί
1187 4599 1218 4651 τὰ
1233 4597 1337 4660 Ῥαπτὰ,
1352 4601 1429 4650 ταῦτα
1443 4598 1469 4650 δὲ
1480 4599 1560 4651 πάντα
1573 4595 1710 4666 Βαρόαρίαν
1726 4594 1790 4655 ἰδίως
1805 4614 1853 4646 κα·

235 4679 264 4722 et
279 4669 303 4721 el
313 4672 402 4722 Herub
414 4672 623 4743 comprehendit.
639 4677 699 4740 Qua
717 4675 745 4725 in
759 4692 787 4726 rc
803 4675 890 4726 minua
904 4692 930 4725 se
944 4692 1021 4727 accu-
1066 4679 1187 4744 λοόντων,
1201 4678 1268 4730 adeo
1278 4688 1308 4731 ut
1322 4687 1463 4748 utrumque
1472 4695 1568 4729 nomen
1580 4675 1614 4729 ad
1623 4693 1697 4728 oram
1710 4676 1852 4745 pertineat,

237 4758 323 4802 tutum
331 4749 428 4820 praebet
435 4771 443 4815 ;
456 4769 541 4822 neque
553 4754 581 4804 id
594 4752 754 4828 mirandqm‚
768 4771 849 4823 quum
864 4752 936 4806 facile
946 4754 1021 4806 intel·
1065 4758 1198 4810 alteruma
1216 4756 1314 4828 populo
1323 4755 1444 4820 ductum,
1459 4757 1570 4809 alterum
1580 4754 1613 4807 ab
1624 4773 1678 4806 οικο
1688 4755 1799 4816 ratione,
1817 4753 1854 4803 ab

237 4828 331 4898 ligatur
345 4829 431 4899 ipsum
443 4831 537 4901 Peripli
550 4843 683 4886 auctorem
696 4851 769 4884 oram
782 4833 885 4886 Ananiae
895 4833 948 4884 suis
958 4849 1022 4886 ocu·
1066 4836 1169 4889 Hazinc
1178 4855 1215 4887 sc.
1227 4835 1354 4899 Arabum,
1369 4835 1402 4886 ab
1414 4852 1498 4906 eaque
1513 4835 1596 4887 litoris
1607 4843 1681 4906 parte
1692 4832 1730 4884 ad
1738 4849 1850 4900 sequen-

237 4906 268 4960 tis
282 4903 335 4961 non
353 4925 500 4979 usurpasse.
520 4913 559 4963 Ae
577 4930 639 4964 sane
656 4911 763 4965 suerunt
779 4912 817 4964 vel
838 4913 906 4964 inter
923 4924 1022 4966 veteres
1066 4924 1117 4967 tem
1128 4916 1205 4967 etiam
1215 4931 1287 4966 oram
1303 4912 1466 4965 translatum.
1482 4912 1616 4966 Azanium
1634 4929 1704 4963 more
1715 4909 1794 4963 helias
1805 4927 1848 4979 ap.

225 5013 231 5056 ι
237 4987 398 5058 geographos
413 4989 458 5058 qui
478 4989 552 5042 istum
574 4996 664 5062 μικρῶν
685 4990 726 5044 καί
748 4991 863 5062 μεγάλων
881 4990 1021 5045 ἰίποκόπων
1066 4993 1179 5046 Plinium
1193 4995 1244 5056 Vl,
1259 4995 1293 5044 κθ
1307 5002 1332 5044 ct
1343 4992 1415 5044 alibi.
1435 4990 1551 5061 Suhy'icio
1563 4990 1642 5042 verba
1650 4991 1752 5044 Owenii
1764 4990 1782 5042 l.
1794 4989 1813 5040 l.
1827 4992 1850 5052 i,

237 5065 432 5131 distinctionem
445 5067 631 5138 reprobarent3
643 5089 703 5123 nam
714 5071 869 5123 Ptolemaeus
880 5073 904 5132 Ι,
922 5086 963 5138 17,
975 5070 1021 5124 ubi
1066 5086 1093 5138 p.
1106 5070 1173 5132 354:
1187 5095 1197 5115 ι
1211 5073 1235 5122 It
1245 5071 1267 5122 is
1276 5079 1379 5137 strange
1391 5069 1445 5122 that
1452 5070 1498 5122 tbe
1506 5067 1661 5138 descriptire
1670 5078 1738 5119 term
1746 5065 1853 5119 Ηιιεὶνια

150 5189 153 5196 ,
238 5154 329 5197 eontra
347 5146 480 5198 Marinum
498 5146 507 5216 (
517 5147 562 5216 qui
574 5147 630 5200 duo
645 5152 770 5221 Apocopa
792 5167 853 5202 cum
870 5149 967 5200 Nostro
980 5147 1022 5201 di·
1065 5149 1160 5202 sbould
1173 5149 1238 5202 imre
1249 5148 1384 5220 produced
1396 5149 1539 5201 thenames
1550 5147 1627 5217 Ajan,
1638 5144 1773 5200 Aaouand
1786 5148 1852 5197 Ara·

239 5220 357 5273 stinxisse
370 5222 465 5292 debet)
481 5223 605 5296 disputat,
618 5228 721 5278 nonnisi
734 5245 817 5279 unum
835 5229 1021 5297 Aput-operum
1066 5245 1124 5289 nea,
1137 5230 1163 5280 ἰιι
1182 5247 1261 5298 many
1273 5245 1348 5298 mapa
1361 5227 1412 5279 and
1427 5228 1524 5291 charta,
1543 5245 1571 5279 as
1589 5225 1636 5279 the
1648 5234 1759 5293 country
1771 5234 1853 5274 never

240 5295 299 5350 litus
311 5301 437 5368 agnoscit.
451 5302 550 5352 Locrum
562 5302 702 5366 Ptolemaei,
717 5306 761 5373 qui
772 5303 805 5356 od
817 5304 896 5373 hujus
909 5325 961 5358 orm
978 5307 1022 5360 de-
1066 5307 1117 5358 bad
1130 5325 1179 5376 any
1192 5307 1268 5358 otbcr
1281 5307 1436 5376 appellation
1455 5306 1518 5358 thau
1536 5309 1619 5356 lirarrrr
1635 5301 1751 5357 Seniculi
1764 5319 1797 5352 or
1806 5301 1852 5352 the
