3950 5925
564 430 614 489 DE
635 430 816 490 xxonrttt
836 429 1060 491 srsumstto
1082 428 1200 489 tttttts
1223 430 1362 491 uxum.
1421 378 1425 389 Ι

593 641 776 701 ΑΝΟΝΥΜΙ
796 639 1039 701 sranlssttus
1061 640 1180 699 mxttts
1203 641 1339 702 Meum.

202 819 272 855 aot.
296 794 474 853 llerenimus
497 794 532 851 ad
554 792 686 851 libellum
710 792 761 870 qui
779 790 949 851 inscribitur
992 788 1181 867 nostrumque
1192 792 1300 869 profert
1312 792 1472 869 periplum,
1490 794 1560 851 adeo
1575 794 1657 853 illum
1670 816 1686 853 a
1696 798 1775 874 prio·

164 890 384 962 Σταδιασμὸς
412 888 489 959 ἤτοι
512 888 701 968 περίπλους
726 890 787 958 τῆς
806 886 953 963 μεγάλης
992 886 1074 943 ribus
1089 886 1259 963 quisquiliis
1271 887 1500 965 discrepantem,
1517 901 1548 946 ut
1559 908 1608 947 seu
1622 892 1775 965 margarita

162 987 354 1058 θαλάσσης,
370 987 389 1046 i.
409 1007 428 1043 e
447 993 533 1042 inuris
554 990 750 1043 urediterranee‘
769 983 869 1063 (quod
889 1005 951 1041 ma·
991 984 1081 1042 niteat
1102 986 1134 1041 in
1157 997 1295 1045 stercore.
1318 984 1462 1043 Videlicet
1480 1006 1545 1063 quae
1559 986 1595 1043 de
1614 999 1690 1043 terra
1702 988 1776 1045 inter

161 1105 250 1158 girum
264 1082 387 1141 serioris
397 1082 452 1139 aevi
468 1081 625 1159 scriptores
641 1080 748 1158 passim
761 1090 867 1137 vocant
880 1074 890 1157 l
899 1098 952 1153 pe-
992 1077 1059 1135 Noae
1074 1079 1237 1155 prosapiam
1255 1077 1351 1137 divisa
1366 1078 1541 1149 ferebantur,
1561 1099 1594 1136 ea
1609 1080 1775 1157 Byzantinis

162 1182 252 1253 riplus
263 1191 294 1234 et
300 1198 354 1251 per
366 1180 462 1233 stadia
480 1183 612 1231 emensio.
632 1177 741 1232 lluctor
753 1171 818 1249 ejus
831 1180 951 1247 anotry-
992 1192 1048 1249 pro
1058 1172 1235 1250 geographia
1248 1172 1371 1250 quadam
1383 1174 1599 1251 compendiaria
1609 1188 1701 1246 erant,
1713 1177 1775 1253 qui·

162 1292 247 1341 ratris,
271 1270 468 1348 geographiam
488 1270 613 1346 aliquem
642 1266 872 1326 Alexandrinum
891 1286 953 1343 prae
991 1266 1047 1326 bus
1070 1268 1127 1325 alia
1151 1268 1293 1325 nonnulla
1307 1268 1411 1326 selecta
1432 1270 1624 1347 geographica
1646 1272 1675 1327 in
1692 1291 1775 1329 usum

161 1367 271 1423 ceteris
287 1378 413 1435 secutus,
435 1376 531 1421 sumto
549 1362 586 1421 ab
598 1357 774 1420 Alexandria
788 1361 875 1419 initio
889 1362 951 1439 pri·
991 1361 1165 1421 discentium
1180 1360 1370 1421 addebantur.
1382 1362 1430 1420 Sic
1440 1362 1489 1421 illa
1499 1363 1534 1421 de
1547 1364 1681 1423 maximis
1693 1384 1775 1423 mon·

162 1480 246 1517 trium
271 1460 344 1533 legit
366 1478 447 1515 oram
472 1458 611 1535 Libycam
634 1459 671 1515 ad
689 1457 842 1514 columnas
859 1475 953 1531 usque
991 1458 1077 1525 tibus,
1098 1460 1254 1536 fluviisque
1281 1460 1311 1517 in
1338 1459 1537 1538 compluribus
1560 1461 1705 1519 chronicis
1728 1463 1775 1519 de·

163 1554 457 1625 llerculeas3deinde
470 1555 575 1612 iterum
589 1556 634 1611 ab·
643 1552 952 1610 Alexandriaexorsus
991 1554 1227 1632 prehenduntur3
1248 1576 1343 1633 neque
1363 1576 1463 1615 onmes
1484 1556 1514 1615 in
1537 1557 1584 1615 his
1613 1558 1776 1617 substitisse

164 1650 326 1709 asiaticum
350 1650 419 1707 litus
434 1649 588 1726 descripsit
608 1647 751 1725 usquead
768 1646 876 1705 Fanum
891 1647 952 1713 Διὸς
991 1649 1248 1708 docetChronicon
1259 1650 1413 1723 l'aschale,
1425 1652 1455 1709 in
1469 1672 1528 1729 quo
1540 1664 1676 1731 praeterea
1689 1656 1775 1711 urbes

162 1745 274 1823 Οὐρίου,
288 1759 320 1802 ut
333 1764 388 1819 ogo
404 1762 521 1813 censeo,
534 1742 590 1811 rel,
603 1754 636 1799 ut
647 1740 738 1799 codex
749 1740 846 1813 habet,
859 1760 952 1817 usque
991 1748 1124 1801 maximae
1136 1743 1646 1825 secundumseptemorbisterrarum
1661 1747 1776 1804 climata

163 1840 201 1896 ad
218 1837 457 1907 Dioscuriadem3
480 1850 547 1915 post
569 1836 632 1893 baec
657 1836 781 1911 Europae
798 1835 950 1913 paraplum
990 1852 1209 1898 enumerantur.
1227 1838 1323 1897 Simili
1342 1840 1431 1916 igitur
1444 1840 1568 1899 consilio
1583 1840 1686 1901 Noster
1699 1843 1775 1919 peri·

162 1932 332 1991 exitilmita
355 1932 432 1989 Fano
451 1930 658 2007 Byzantiorum
678 1930 809 2007 (quode
832 1930 952 2005 regione
990 1934 1070 2012 plum
1084 1935 1198 1992 dedisse
1210 1936 1431 1995 censendusest.

162 2030 252 2086 situm
262 2026 404 2085 eratl'ani
416 2025 693 2104 JorisUriilusque
704 2026 739 2083 ad
754 2025 886 2083 llerculis
898 2046 952 2081 co·
1032 2036 1100 2094 204.
1124 2032 1232 2085 Auctor
1253 2032 1304 2086 iste
1325 2028 1500 2105 Byzantinus
1514 2030 1632 2107 quinam
1648 2029 1734 2087 luerit
1749 2044 1777 2087 et

163 2126 292 2183 lumnas.
305 2124 357 2181 llis
373 2126 483 2182 inserta
505 2136 586 2180 erant
601 2121 761 2179 insularum
775 2120 950 2199 descriptio·
992 2120 1110 2199 qnando
1121 2120 1282 2198 scripserit,
1294 2123 1439 2180 nescimus
1452 2143 1504 2181 nec
1516 2124 1592 2181 scire
1600 2143 1777 2202 magnopere

163 2239 215 2277 nes
229 2218 371 2295 variaque
382 2217 546 2295 diaplorum
561 2217 685 2290 farrago.
991 2216 1095 2285 refert,
1111 2215 1346 2292 quandoquidem
1363 2216 1399 2274 de
1418 2236 1471 2274 suo
1488 2218 1539 2273 vix
1561 2216 1720 2293 quidquam
1740 2218 1776 2275 ad

208 2334 280 2369 ana.
302 2311 398 2390 Major
414 2310 480 2389 ejus
491 2312 597 2389 peripli
613 2328 681 2388 pars
702 2330 779 2367 nunc
790 2308 948 2387 deperdita.
991 2330 1052 2367 rem
1065 2310 1193 2367 attulerit
1211 2322 1315 2389 praeter
1330 2310 1523 2385 ignorantiam
1536 2323 1564 2368 et
1575 2312 1708 2388 supinam
1727 2332 1776 2369 ne·

162 2412 343 2487 Superstites
364 2411 395 2467 in
418 2430 478 2467 uno
496 2409 596 2466 codice
615 2406 781 2465 llatritense
802 2406 952 2485 particulae
991 2407 1175 2482 gligentiam,
1191 2426 1250 2484 qua
1263 2406 1364 2463 ducem
1383 2405 1427 2464 rel
1440 2406 1526 2465 duces
1537 2426 1605 2465 suos
1619 2408 1776 2466 occitanter

163 2507 231 2564 dnae
242 2507 290 2563 rel
305 2520 380 2577 tres3
402 2507 516 2582 prima,
533 2504 642 2581 peripli
660 2504 794 2573 initiunt,
810 2504 873 2560 ioca
887 2522 950 2559 ma·
991 2502 1144 2580 exscripsit
1166 2500 1389 2579 breviavitque;
1408 2521 1582 2580 quamquam
1598 2523 1657 2561 non
1677 2504 1777 2561 omnia

163 2602 266 2657 ritima
273 2613 400 2658 recenset
408 2598 447 2657 ab
456 2598 631 2657 Alexandria
640 2598 676 2656 ad
684 2596 794 2656 Uticam
806 2596 832 2677 (S
843 2598 949 2674 ι-ιη).
991 2595 1060 2654 libri
1076 2598 1147 2655 vitia
1157 2596 1193 2654 ad
1207 2616 1272 2655 eum
1295 2596 1407 2669 refero,
1419 2598 1529 2675 quippe
1545 2618 1671 2675 quorum
1687 2598 1773 2658 ntulta

164 2696 240 2752 llinc
261 2714 330 2771 quae
350 2706 419 2753 sunt
438 2713 532 2770 usque
551 2693 588 2751 ad
610 2696 712 2751 lrctum
730 2692 905 2750 Gaditanum
923 2704 952 2748 et
989 2692 1064 2749 adeo
1089 2706 1156 2751 sunt
1176 2692 1301 2750 barbara
1317 2693 1363 2771 (⁴),
1396 2705 1428 2751 ut
1445 2694 1544 2751 seculo
1564 2694 1696 2771 decimo,
1716 2716 1775 2773 quo

161 2810 229 2866 quae
243 2791 382 2867 deinceps
407 2790 438 2847 in
455 2790 582 2846 ¹asiatico
597 2788 683 2845 litore
705 2787 901 2864 sequebantur
915 2784 951 2843 ab
992 2790 1118 2867 scriptus
1140 2791 1231 2847 codex
1255 2804 1316 2860 est,
1344 2788 1461 2847 nonnisi
1477 2808 1494 2845 a
1512 2788 1635 2846 librario
1654 2810 1776 2867 prorsus

161 2886 343 2944 Alexandria
351 2887 386 2943 ad
397 2886 506 2943 Carnas
515 2885 684 2957 Phoenicia,
695 2904 729 2941 ea
739 2884 838 2941 onmia
849 2883 949 2954 unius,
991 2884 1056 2941 rudi
1069 2886 1183 2944 exarari
1199 2889 1354 2964 potuerint.
1369 2884 1493 2963 hlajoris
1504 2886 1642 2941 momenti
1654 2886 1776 2964 quaestio

162 2983 341 3054 revidetur,
359 2983 420 3039 lolii
431 2980 546 3059 jactura
559 2981 590 3038 in
607 2979 707 3038 codice
721 2979 821 3056 aliquo
832 2978 949 3036 absum·
991 2993 1034 3037 cst
1050 2980 1086 3037 de
1099 2993 1180 3038 aetate
1196 2981 1317 3058 sontium
1336 3000 1371 3038 ex
1389 2978 1496 3058 quibus
1511 2981 1682 3058 opusculum
1696 2981 1741 3038 rel
1759 3002 1775 3038 a

162 3084 209 3138 sit.
218 3079 338 3136 Servata
351 3096 419 3156 pars
431 3075 843 3154 alterapraeternavigationem
858 3074 949 3143 tsiae,
991 3075 1152 3153 Byzantiuo
1167 3077 1308 3134 monacho
1325 3076 1370 3134 vel
1387 3089 1453 3136 ante
1465 3096 1530 3134 eum
1543 3075 1580 3134 ab
1593 3077 1651 3134 alio
1670 3075 1776 3134 conlla-

162 3177 266 3234 rirtiltis
276 3175 394 3232 insertis
406 3173 527 3250 diaplis,
538 3171 650 3250 praebet
663 3171 794 3230 aCarnis
806 3191 898 3247 usque
912 3170 949 3229 ad
992 3185 1052 3228 tum
1067 3173 1112 3230 sit.
1135 3171 1278 3230 Nimirum
1294 3191 1352 3228 non
1367 3191 1404 3228 ex
1418 3191 1476 3229 nno
1491 3171 1650 3248 eodemque
1668 3173 1777 3229 veteris

162 3269 308 3326 lliletum.
333 3269 384 3326 llis
404 3267 531 3345 denique
542 3265 667 3344 abrupte
692 3278 797 3344 praeter
816 3266 950 3323 ordinem
992 3267 1116 3344 alicujus
1130 3267 1284 3345 scriptoris
1295 3267 1412 3346 periplo
1428 3287 1461 3326 ea
1475 3287 1539 3344 quae
1560 3288 1638 3325 nunc
1652 3267 1777 3342 legimus

162 3363 364 3440 subjiciuntur
379 3363 471 3441 Cypri
486 3375 516 3421 et
534 3361 626 3418 Cretae
647 3360 808 3419 insularum
829 3360 949 3438 peripli,
992 3374 1211 3438 promanarunt.
1231 3363 1273 3420 ilc
1293 3362 1421 3439 primum
1441 3361 1559 3439 quidem
1578 3361 1649 3420 duas
1669 3361 1777 3419 distin·

162 3478 240 3534 quos
255 3459 368 3516 tertiam
389 3459 616 3533 fragmentorum
633 3467 744 3534 partem
759 3456 855 3514 dicere
870 3456 948 3516 licet.
989 3456 1119 3533 grtendas
1130 3455 1241 3516 dixeris
1257 3469 1354 3535 partes
1373 3456 1551 3513 narrationis
1564 3455 1663 3513 indole
1674 3455 1775 3533 dispa-

161 3553 252 3611 i'ides
278 3554 405 3631 plurima
435 3553 599 3624 interiisse,
630 3551 703 3634 adde
731 3552 810 3629 quod
830 3563 950 3610 servatae
988 3571 1044 3610 res.
1060 3551 1189 3621 Quarum
1205 3551 1295 3610 altera
1309 3552 1336 3627 (S
1353 3549 1511 3624 itt-296),
1529 3550 1604 3608 Asiae
1618 3548 1776 3608 abOronte

163 3649 317 3725 particulae
336 3649 449 3706 lacunis
473 3647 562 3704 modo
576 3659 676 3724 aperte
698 3645 847 3704 hiantibus
863 3645 950 3702 inodo
988 3646 1024 3704 ad
1039 3646 1168 3705 Miletum
1183 3647 1332 3724 paraplus,
1351 3645 1425 3703 nihil
1440 3645 1499 3702 lere
1513 3645 1622 3722 prabet
1636 3645 1693 3702 nisi
1711 3643 1778 3702 lito·

162 3743 240 3800 male
252 3744 336 3800 tectis
350 3762 402 3799 nec
415 3762 475 3800 non
490 3740 672 3816 singulorum
689 3741 778 3799 lerme
791 3739 949 3798 verborum
989 3761 1046 3800 reae
1063 3741 1259 3817 navigationis
1276 3739 1483 3810 stadiasmum,
1500 3739 1531 3796 in
1546 3738 1669 3798 sinubus
1689 3740 1777 3797 etiam

163 3839 374 3916 depravatione
388 3836 534 3894 laborant.
989 3835 1228 3914 compendiorum
1251 3854 1402 3894 mensuras
1421 3847 1449 3892 et
1464 3848 1602 3911 praeterea
1615 3837 1776 3892 insularum

205 3935 275 3991 203.
287 3931 351 3989 Jam
365 3943 396 3990 ut
411 3931 538 3988 indolem
554 3931 652 4008 operis
664 3929 753 3988 laceri
769 3929 886 4006 quidem
899 3930 949 3988 sed
989 3931 1157 4002 distantias,
1173 3943 1229 3988 eta
1244 3928 1347 3987 Rhodo
1364 3941 1391 3986 et
1406 3929 1478 3985 Belo
1492 3929 1526 3986 ad
1539 3931 1626 3986 urbes
1641 3927 1776 3988 nobilio-

162 4027 370 4104 pretiosissimi
385 4045 580 4102 exponamus,
597 4023 820 4102 progrediamur
832 4023 949 4095 alibro,
991 4046 1037 4084 res
1054 4026 1200 4104 trajectus,
1223 4025 1308 4085 sicuti
1320 4023 1357 4083 ab
1377 4023 1446 4084 Asia
1463 4041 1515 4103 per
1528 4021 1637 4082 insulas
1648 4023 1678 4082 in
1693 4023 1776 4079 Grae-

163 4121 251 4198 rujus
265 4122 296 4178 in
311 4119 410 4178 codice
422 4139 490 4197 pars
501 4131 554 4178 est.
569 4119 681 4177 Faenim
697 4120 788 4177 codex
803 4119 950 4178 liatriten·
991 4125 1065 4182 ciam
1084 4123 1216 4201 diaplos;
1230 4124 1321 4182 altera
1339 4135 1433 4180 autem
1449 4141 1535 4199 pars,
1548 4141 1612 4197 quae
1633 4121 1668 4178 de
1683 4119 1776 4196 Libya

163 4217 205 4273 sis
218 4215 272 4294 [ile
287 4235 346 4292 quo
367 4235 397 4272 r.
415 4227 474 4273 not.
485 4235 515 4291 p.
539 4223 596 4286 ‘027
612 4213 701 4292 )post
723 4213 880 4292 Nicephori
899 4235 951 4292 pa·
991 4231 1019 4276 et
1035 4219 1183 4276 Phoenicia
1193 4229 1221 4276 et
1235 4217 1322 4294 Syria
1334 4215 1470 4293 usquead
1487 4216 1624 4272 Orontem
1641 4215 1787 4292 (Si-148).

163 4310 300 4367 triarchas
309 4307 641 4386 CpChronographiam
650 4306 736 4364 habet
746 4309 849 4366 incerti
856 4323 953 4366 aucto·
991 4329 1020 4374 et
1041 4313 1077 4372 de
1094 4314 1193 4392 Cypro
1210 4313 1353 4390 Cretaque
1374 4311 1479 4370 insulis
1495 4311 1522 4390 (§
1540 4307 1682 4388 297-335]
1704 4309 1776 4384 agit,

164 4407 207 4466 ris
217 4407 418 4465 narrationem
428 4405 466 4463 de
477 4403 547 4462 orbe
557 4418 699 4462 terrarum
712 4404 866 4462 interNoae
876 4405 951 4464 lilios
992 4429 1051 4468 non
1067 4411 1161 4468 solum
1177 4408 1296 4466 nomina
1313 4409 1445 4465 locorum
1461 4419 1489 4463 et
1507 4405 1659 4463 distantias
1674 4402 1776 4474 babet,

163 4501 325 4561 distributo
357 4513 385 4558 et
419 4499 526 4557 deinde
555 4499 726 4557 laterculum
757 4501 950 4558 marimanam
993 4505 1044 4563 sed
1057 4506 1087 4562 in
1098 4503 1234 4582 plurimis
1246 4502 1333 4562 etiam
1344 4501 1478 4561 doctrina
1492 4501 1607 4558 nautica
1618 4499 1778 4573 navigatio

163 4599 308 4656 montium
332 4595 487 4654 duodecim
513 4596 729 4671 fluviorumque
747 4596 948 4672 quadraginta.
993 4601 1039 4658 nis
1048 4601 1188 4658 rationem
1199 4599 1336 4670 illustrat,
1348 4595 1476 4656 utinhis
1486 4607 1585 4654 auctor
1594 4608 1693 4654 noster
1703 4615 1777 4672 opus

162 4693 279 4762 Quibus
305 4691 459 4762 absolutis,
493 4691 622 4767 scriptor
654 4691 800 4767 quendam
824 4691 855 4748 in
879 4689 950 4750 Jesu
994 4695 1113 4772 aliquod
1125 4695 1154 4752 in
1171 4694 1346 4772 peculiarem
1362 4705 1513 4751 nautarum
1531 4711 1615 4749 usum
1631 4691 1777 4767 composi·

162 4789 282 4845 christo
312 4788 431 4856 fratrem
453 4785 623 4862 alloquens,
648 4783 696 4842 cui
716 4783 949 4844 lucubrationem
995 4803 1054 4848 tum
1075 4788 1243 4847 adhibuisse
1263 4786 1376 4846 debeat.
1404 4785 1490 4844 Credi
1515 4803 1584 4844 saue
1601 4785 1693 4864 possit
1717 4783 1779 4842 haec

161 4903 243 4942 suam
263 4901 449 4960 nuncupasse
462 4881 591 4953 ridetur,
614 4880 691 4938 velle
710 4899 773 4939 sese
796 4881 950 4959 profitetur
994 4904 1028 4943 ex
1038 4883 1140 4942 eodem
1162 4884 1239 4941 sonte
1254 4881 1372 4941 fluxisse
1386 4881 1463 4939 unde
1477 4880 1590 4956 reliqua
1603 4878 1688 4937 ducta
1701 4879 1776 4950 sint,

163 4981 200 5038 iis
210 5001 278 5058 quae
290 4979 379 5037 modo
392 4978 577 5055 exposuisset
588 4975 766 5054 subjungere
775 4977 872 5054 Magni
889 4999 949 5037 ma·
995 4978 1249 5036 narrationisvero
1259 4976 1483 5053 discrepantiam
1495 4974 1531 5032 ab
1541 4973 1720 5051 excerptoris
1731 4975 1776 5030 vel

161 5077 202 5134 ris
214 5075 363 5154 periplum
380 5073 456 5130 etde
469 5073 576 5130 insulis
586 5073 718 5129 notitiam
731 5074 852 5135 variam.
869 5074 950 5132 llixit
994 5073 1109 5132 librarii
1120 5071 1244 5148 alicujus
1255 5069 1378 5129 arbitrio
1387 5069 1570 5148 repetendam
1581 5087 1658 5142 esse,
1668 5069 1778 5146 quippe

190 5243 222 5301 (⁶)
233 5239 383 5302 ttujrismodi
397 5241 435 5287 est
446 5237 512 5299 quod
522 5237 570 5286 ἀπὸ
587 5239 722 5300 prmpmitio
734 5241 793 5288 locis
811 5241 921 5302 plurimis
931 5243 1069 5291 accusativo
1087 5241 1201 5300 pinsitur.
1216 5244 1300 5290 Forma
1313 5241 1405 5290 novitia
1416 5241 1516 5303 μιλαιὸν
1528 5241 1598 5302 (pag.
1611 5243 1664 5298 ⁴50,
1677 5248 1684 5289 1
1698 5240 1707 5300 l
1720 5253 1777 5289 num

160 5313 189 5361 ad
198 5317 326 5362 auctorem
341 5309 503 5372 bizantinum
514 5320 544 5356 ao
559 5307 590 5356 ad
604 5310 704 5359 scritum
717 5312 799 5362 reterri
809 5312 894 5364 debeat
906 5327 991 5378 rarum
1007 5315 1089 5378 liquet.
1103 5315 1168 5364 tdcm
1186 5313 1247 5364 valet
1260 5313 1290 5363 dc
1304 5313 1410 5364 locorum
1423 5312 1559 5364 uommibtis
1569 5312 1712 5376 depravatis.
