3950 5925
246 356 264 401 n
905 331 1208 398 rtonuuouuul.

246 486 352 530 nature
368 473 480 529 rubrum
499 482 589 539 niare,
617 467 716 542 Africo
740 472 784 525 rel
807 483 909 529 ausam.
923 468 1028 526 Noster
1073 465 1109 523 ad
1122 485 1209 542 quem
1222 465 1363 543 opsiauus
1372 463 1448 542 lapis
1461 464 1618 543 reperitur,
1630 478 1697 543 post
1716 466 1769 526 alia
1780 479 1841 546 qua·

244 582 387 627 memorat
411 587 480 627 sanc
498 566 676 643 Nelcyndam
696 566 859 643 emporium
880 578 909 623 et
927 566 1027 623 Bucari
1074 559 1216 618 termille
1239 559 1333 617 stadia
1353 557 1567 617 deducimurad
1580 556 1614 615 sd
1637 558 1718 638 πέραν
1741 562 1843 642 ἐμπόρια

244 666 460 743 lnonBecaren)
472 667 570 722 vicum
581 676 611 721 et
622 662 802 721 Pandionem
816 663 847 720 in
860 661 1028 720 mediterra·
1073 654 1236 727 Barbarie,
1259 654 1410 727 dualiter,
1427 654 1534 730 Malao,
1549 653 1672 727 ldundu,
1688 654 1844 733 llosyllnm,

244 762 309 819 neis
328 759 478 835 degentem
500 776 634 816 necnon
655 755 1030 836 piperCottonarieum,at
1075 764 1220 829 postque
1234 764 1392 810 occurrunt
1401 750 1671 828 Niloptolemaeum,
1687 750 1845 826 Gaza,F.le·

244 856 320 913 nilril
331 853 417 912 babet
427 853 555 928 degente
565 850 757 928 Neacyndon,
766 848 803 908 de
814 849 934 908 Nadura
942 848 1027 921 urbe,
1074 846 1147 924 phas
1156 846 1390 924 promontorium
1401 890 1410 924 ,
1421 846 1591 905 dromatum
1604 862 1703 924 prom.
1718 860 1746 905 et
1755 867 1845 927 empo-

244 962 274 1006 et
289 968 355 1025 quae
372 947 510 1025 deinceps
519 946 556 1004 de
577 944 776 1020 navigationis
792 958 925 1023 tempore
950 944 1029 1023 apud
1074 939 1169 1015 rium,
1189 940 1278 999 Tabae
1290 961 1400 1019 prom,
1417 942 1520 1019 Opone
1535 940 1711 1019 emporium.
1726 941 1845 1019 Sequun-

244 1040 375 1100 Plinium
390 1041 534 1116 leguntur.
545 1040 613 1098 llaec
624 1040 715 1115 igitur
725 1039 766 1098 ita
775 1051 843 1098 sunt
851 1052 1027 1117 comparata,
1075 1048 1123 1094 tur
1142 1036 1260 1094 daaniae
1279 1036 1419 1114 Apocopa
1432 1054 1537 1111 magna
1559 1048 1588 1093 et
1610 1054 1717 1113 parva,
1734 1054 1845 1113 parvum

244 1151 278 1196 ut
296 1137 352 1197 ista
371 1136 408 1194 de
425 1136 556 1195 Plinioe
578 1135 694 1213 periplo
711 1146 813 1193 nostro
832 1153 886 1193 sua
897 1147 1029 1193 mutuato
1074 1145 1105 1189 et
1116 1150 1252 1207 magnum
1263 1131 1344 1206 litus,
1361 1145 1471 1210 septem
1481 1132 1597 1191 dauniae
1611 1130 1718 1209 δρόμοι,
1732 1152 1844 1208 quorun

243 1231 388 1290 sententia
413 1249 450 1289 ne
467 1243 537 1288 tunc
550 1228 668 1307 quidem
692 1228 870 1287 admittenda
893 1230 983 1303 loret,
1004 1230 1029 1288 si
1075 1226 1846 1306 prioresduoSerapionisetNiconisdicuutur,deinde

244 1324 363 1383 aliunde
385 1336 496 1383 aetatem
518 1322 617 1382 Nostri
637 1323 763 1381 delinire
785 1342 845 1381 non
868 1323 969 1382 liceret
980 1322 1029 1404 (⁴¹).
1075 1321 1207 1400 Pyralaae
1217 1322 1332 1395 insulae,
1345 1322 1509 1382 lllenutlrias
1521 1322 1631 1395 insula,
1646 1321 1770 1399 denique
1779 1323 1845 1383 liba·

244 1420 378 1491 Quonam
394 1419 473 1478 sonte
483 1417 600 1477 Plinius
610 1436 681 1477 usus
691 1418 925 1496 sit,nonliquet.
939 1418 1032 1477 lodex
1075 1429 1126 1495 pta
1145 1417 1260 1475 Azania
1279 1418 1443 1496 emporium
1466 1417 1615 1477 ultimum.
1635 1416 1706 1475 Post
1730 1417 1786 1477 bac
1803 1438 1847 1477 ora

246 1527 397 1573 auctorum
414 1532 587 1589 graecorum,
601 1531 676 1591 quos
698 1514 730 1571 in
752 1512 830 1570 libro
844 1525 926 1571 sexto
942 1513 1032 1573 adhi-
1075 1530 1316 1573 versusoccasum
1327 1512 1441 1572 deflecti
1450 1513 1637 1571 etorientalis
1646 1513 1848 1591 oceanusjurta

245 1609 358 1683 buerit,
391 1609 509 1668 nonnisi
528 1622 598 1667 nota
615 1608 736 1667 nomina
756 1608 882 1687 praebet,
906 1630 1030 1688 quorum
1075 1610 1202 1669 australe
1211 1608 1365 1687 AEthiopiae
1376 1620 1405 1667 et
1419 1608 1521 1686 Libyae
1533 1621 1562 1667 et
1579 1608 1687 1667 Africae
1702 1608 1770 1668 litus
1783 1611 1847 1669 mari

246 1705 360 1764 nullum
375 1702 412 1762 ad
425 1722 486 1762 rem
502 1718 630 1763 nostram
643 1704 791 1783 pertinere
810 1718 916 1784 potest.
930 1707 1032 1765 Omni·
1076 1704 1199 1763 occiduo
1217 1705 1332 1763 misceri
1359 1702 1540 1783 perhibetur.
1572 1703 1718 1762 llactenus
1736 1704 1768 1761 nl
1787 1702 1848 1772 &id

245 1818 286 1856 no
305 1797 421 1856 Plinius
438 1816 505 1873 quae
521 1801 601 1875 apud
611 1804 750 1855 neminem
768 1806 895 1873 priorum
907 1800 1032 1878 reperiri
1075 1798 1128 1857 ἀπὸ
1140 1797 1295 1879 Reperiam
1307 1798 1339 1857 in
1352 1796 1461 1876 quibus
1476 1810 1619 1875 quaesunt
1632 1816 1725 1874 usque
1737 1798 1771 1856 ad
1781 1798 1848 1876 Opo

246 1892 330 1964 dicit,
345 1911 404 1950 non
414 1910 431 1949 e
442 1892 559 1971 periplo
570 1892 670 1970 aliquo
679 1893 712 1950 in
731 1890 883 1970 publicum
893 1906 963 1954 tunc
973 1896 1034 1955 edi·
1077 1913 1153 1971 nen,
1166 1895 1230 1973 ipse
1239 1893 1344 1953 Noster
1356 1892 1463 1953 adiisse
1478 1892 1613 1965 videtum
1626 1892 1849 1971 hucusqneenirn

246 2000 278 2047 to
299 1988 454 2061 sumserit,
480 1988 532 2047 sed
551 1988 668 2067 privato
689 1990 865 2049 commercio
885 1994 1033 2071 accepisse
1076 1988 1233 2067 descriptio
1244 1988 1444 2067 emporiorum
1463 1988 1629 2047 accuratior
1641 2000 1740 2047 testem
1755 1989 1849 2046 ocula-⁴

150 2102 154 2107 ·
246 2082 364 2142 videtur
384 2102 402 2141 a
415 2084 595 2159 negotiatore
604 2082 744 2161 quodam,
754 2085 806 2161 qui
820 2098 890 2144 tnnc
903 2088 935 2144 in
947 2088 1033 2147 navi·
1077 2098 1137 2145 tum
1153 2085 1268 2163 prodit,
1283 2098 1311 2143 et
1324 2084 1485 2162 hucusque,
1502 2103 1563 2142 non
1574 2083 1646 2141 item
1666 2083 1698 2142 in
1710 2083 1848 2155 ulteriora,

245 2177 304 2237 bus
327 2180 543 2256 sagittariorum
569 2197 658 2238 manu
684 2182 834 2240 instructis
851 2181 907 2258 (de
922 2186 988 2260 qua'
1001 2203 1034 2243 re
1076 2198 1188 2239 merces
1210 2179 1359 2258 AEgyptias
1381 2178 1534 2257 exportari
1552 2176 1698 2237 videmus.
1718 2176 1849 2237 Nimirnn

247 2273 323 2333 nilril
333 2273 410 2352 apud
425 2273 564 2333 Nostrum
580 2275 677 2351 legere
694 2276 753 2352 est)
768 2276 905 2335 stationes
917 2276 1034 2339 indicas
1076 2276 1187 2334 Azania
1208 2272 1375 2354 pertinebat
1395 2273 1431 2331 ad
1456 2291 1577 2349 regnum
1599 2271 1779 2331 Lberibaelis
1797 2272 1849 2331 Sa-

248 2369 491 2447 lrequeutavit.-
499 2370 831 2431 Praeterlaudatosriros
837 2372 1035 2433 doctosnemi·
1076 2370 1207 2431 baeorum
1218 2373 1303 2447 regis,
1315 2367 1352 2428 ab
1367 2387 1461 2447 eoque
1469 2366 1643 2427 demandata
1653 2380 1715 2427 erat
1727 2366 1850 2425 Chalaebo

247 2483 315 2522 nem
324 2464 395 2523 nori
404 2464 456 2542 qui
465 2464 628 2544 dataopera
636 2465 673 2523 de
683 2478 765 2525 etate
776 2467 869 2525 nostri
881 2469 1035 2547 scriptoris
1077 2464 1282 2544 lllapharitidis
1309 2463 1440 2539 regionis
1469 2475 1594 2541 tyranno
1618 2462 1684 2521 sive
1709 2462 1848 2540 praelecto,

249 2560 448 2636 inquisiverit.
469 2558 528 2629 Qui
537 2558 629 2618 verbo
643 2578 706 2619 rem
719 2560 880 2637 attingunt,
894 2575 927 2620 ut
937 2563 1035 2641 pluri·
1077 2560 1162 2639 cujus
1176 2560 1206 2619 in
1218 2559 1389 2639 praefectura
1397 2558 1548 2617 Nuzenses
1561 2557 1735 2616 commercia
1748 2558 1851 2615 Azania

248 2654 829 2715 mumSalmasiivelVincentisententias
838 2655 1033 2737 probantl'l.
1078 2676 1095 2715 a
1118 2676 1186 2733 rege
1207 2656 1400 2715 redemerant.
1422 2655 1524 2733 ltaque
1543 2655 1641 2713 Graeci
1672 2656 1851 2731 negotiatores

291 2752 697 2830 173.Aaenrran·rmrperipli
707 2752 919 2826 itadelineabo,
930 2755 1034 2833 utpri·
1078 2756 1191 2815 Ananiae
1222 2767 1325 2833 portus
1356 2772 1415 2812 non
1436 2753 1570 2812 solebant
1601 2752 1795 2830 frequentare,
1823 2770 1852 2808 ac

249 2866 330 2905 mum
344 2846 554 2925 geographica,
568 2846 676 2905 deiude
695 2848 827 2924 nautica,
840 2860 900 2906 tum
923 2868 1035 2928 eaquae
1078 2850 1183 2909 Noster
1195 2869 1248 2909 sua
1265 2852 1301 2908 ab
1313 2847 1459 2908 Arabibus
1472 2848 1619 2927 accepisse
1637 2848 1761 2907 videtur.
1780 2848 1851 2905 sete·

250 2942 426 3001 commercia
445 2954 586 3020 spectent,
604 2942 707 3021 paucis
728 2943 983 3022 comprehendam.
1008 2946 1034 3004 Α
1079 2967 1144 3006 rum
1172 2946 1294 3025 quade
1318 2946 1427 3005 Azania
1453 2946 1486 3004 in
1510 2945 1625 3026 periplo
1655 2946 1803 3022 leguntur,
1824 2945 1851 3002 iu

249 3037 406 3110 berenice,
447 3036 567 3119 iproplqr
589 3037 816 3118 ἀποδιδειγμίνῳ,
844 3039 1035 3117 proficiscens
1079 3043 1249 3102 universum
1270 3053 1349 3101 recte
1370 3040 1478 3100 liabent
1505 3040 1678 3118 facilemque
1708 3041 1851 3098 admittunt

250 3131 556 3211 auctonpostbrerem
566 3131 888 3210 Nyosbormi,alterius
894 3138 1033 3214 emporii,
1078 3138 1318 3216 explicationem,
1331 3135 1400 3195 dum
1408 3135 1557 3194 Ptolemaei
1568 3135 1605 3194 de
1618 3136 1719 3194 eadem
1732 3154 1782 3193 ora
1792 3155 1850 3192 nar·

249 3227 438 3299 mentionem,
448 3227 578 3305 primum
598 3226 633 3285 cd
655 3225 745 3296 deiri
765 3226 830 3287 eci
854 3229 1035 3309 Βιρενίκης
1078 3237 1153 3295 ratio
1180 3235 1365 3294 vehementer
1400 3233 1523 3292 laborat.
1547 3232 1633 3292 Recte
1658 3232 1785 3292 fortassis
1807 3231 1851 3289 ille

250 3326 313 3382 sire
335 3321 478 3401 Libycum
505 3323 576 3382 litus
602 3323 745 3400 describit
770 3323 805 3402 (§
834 3326 903 3383 1-18
917 3324 936 3405 J.
964 3325 1036 3388 Post
1080 3331 1335 3391 contralllarinum
1352 3331 1437 3408 (cum
1453 3349 1513 3406 quo
1530 3327 1633 3387 Noster
1650 3327 1734 3405 lacit)
1748 3339 1853 3386 eonten-

249 3417 405 3497 AEsslPfflm
419 3417 508 3494 igliur
521 3437 602 3477 ⁰¹³⁰]
625 3419 802 3477 marilimm
824 3418 1035 3500 ichthyophagi·
1079 3426 1123 3486 dit
1136 3446 1195 3485 non
1211 3443 1274 3484 esse
1288 3425 1365 3483 inter
1381 3443 1485 3500 magna
1507 3436 1536 3481 et
1550 3443 1643 3502 parra
1665 3425 1800 3503 Apocopa
1812 3421 1852 3478 di·

250 3513 374 3592 sparsim
387 3513 532 3584 incolunt,
545 3511 759 3572 mediterranea
771 3532 842 3571 vero
856 3513 978 3574 barbari
992 3530 1036 3574 te·
1079 3521 1285 3599 stinguendum
1296 3521 1343 3599 (v.
1359 3533 1419 3580 not.
1439 3541 1470 3599 p.
1491 3519 1549 3576 268
1561 3521 1580 3598 l,
1598 3519 1649 3578 sed
1660 3539 1726 3597 quae
1740 3519 1811 3576 idem
1822 3515 1853 3572 de

250 3619 331 3679 nemi
343 3607 862 3685 qu⁰³dffri⁰1>b²gletlloschophagi
874 3610 1035 3689 excipiunt.
1079 3619 1194 3693 maguis
1210 3616 1327 3676 Aranire
1348 3615 1488 3686 sinubus,
1503 3614 1555 3691 qui
1573 3613 1647 3672 nulli
1665 3625 1749 3689 sunt,
1769 3612 1854 3687 deque

251 3701 648 3781 Sequiturabloschoplmgis
654 3703 692 3760 ad
705 3703 811 3762 alteros
822 3703 944 3762 Aualitae
954 3707 1036 3766 sinus
1080 3730 1181 3771 eorum
1196 3711 1272 3771 serie
1283 3723 1312 3768 et
1326 3709 1363 3767 de
1374 3707 1570 3768 lllenuthiadis
1584 3707 1689 3766 insulae
1698 3708 1754 3766 situ
1763 3705 1851 3776 babet,

251 3795 399 3856 Barbaros
421 3797 571 3873 pertinens
587 3815 708 3873 reguum
727 3799 964 3865 dummitaruru.
989 3803 1036 3863 llri
1080 3826 1179 3866 avera
1190 3826 1249 3865 orae
1265 3807 1357 3881 ligura
1365 3803 1535 3880 longissime
1546 3801 1685 3862 recedunt
1697 3814 1726 3860 et
1738 3821 1774 3860 ex
1788 3801 1854 3858 male

251 3893 284 3952 iu
301 3911 354 3953 ora
367 3893 513 3953 maritima
525 3905 628 3974 quater
645 3895 728 3955 mille
749 3916 767 3955 a
781 3898 921 3960 Berenice
934 3899 1036 3963 stadiis
1080 3902 1181 3961 mixtis
1200 3898 1330 3959 lontibus
1344 3899 1466 3958 conflata
1489 3897 1525 3957 ad
1549 3910 1677 3975 systema
1692 3895 1854 3974 geographi·

251 3991 387 4051 dissitum
405 3993 569 4071 emporium
581 4005 670 4071 portu
682 4012 800 4072 carens,
814 3994 970 4056 Ptolemais
981 3998 1035 4055 Ve·
1080 4018 1162 4072 cum,
1185 3996 1342 4057 secundum
1364 3993 1443 4074 quod
1466 3994 1567 4053 ultima
1585 3993 1685 4072 Libyae
1705 4008 1771 4052 tunc
1787 4003 1854 4050 note

251 4089 403 4148 nationum
414 4089 450 4167 (s
460 4090 477 4146 3
486 4091 495 4165 )
505 4111 514 4162 3
525 4088 629 4147 deinde
642 4103 710 4167 pust
723 4091 782 4149 alia
794 4103 839 4150 ter
850 4093 932 4152 mille
943 4094 1037 4154 stadia
1080 4093 1282 4170 magisrersua
1291 4090 1442 4150 meridiem
1454 4089 1739 4165 protlttcendaerant,
1752 4105 1854 4146 accom-

252 4183 356 4242 rldulis
369 4182 494 4264 ἐμπόριον
508 4181 619 4262 νόμιμον
640 4183 673 4242 in
695 4185 762 4243 sinu
784 4186 931 4264 profundo
953 4191 1034 4267 posi·
1080 4188 1196 4247 modata
1216 4205 1279 4246 esse
1294 4185 1366 4245 mihi
1378 4184 1525 4242 ridentur.

253 4292 330 4354 mm,
347 4281 378 4336 in
400 4277 511 4357 quode
531 4277 752 4339 mediterraneis
767 4300 819 4358 per
842 4282 985 4360 Cyenium
1008 4299 1037 4344 et
1124 4293 1190 4358 ¹74·
1207 4281 1242 4340 ln
1259 4281 1350 4340 altera
1368 4277 1477 4358 peripli
1495 4289 1576 4356 parte
1592 4277 1601 4356 l
1611 4277 1627 4353 S
1653 4297 1688 4354 19
1708 4275 1796 4354 sqq.)
1820 4271 1854 4329 tl

251 4379 404 4433 Auxumen
417 4387 446 4433 et
460 4374 571 4434 Coloen
579 4373 655 4434 ebur
663 4376 795 4439 confluit.
807 4377 920 4438 Deinde
931 4393 1037 4458 praeter
1081 4376 1160 4438 stov
1168 4401 1182 4435 υ
1191 4400 1236 4456 μα
1250 4374 1314 4434 ἀπὸ
1333 4373 1518 4454 Βερενίκης
1529 4391 1678 4451 exponens
1689 4384 1786 4430 auctor
1797 4369 1854 4447 pri-

252 4467 353 4527 niaiaei
369 4469 480 4530 insulas
493 4462 642 4550 aliumque
651 4473 745 4530 sinum
759 4473 1031 4556 profundissimum,
1081 4493 1160 4534 mum
1182 4484 1324 4532 memorat
1336 4471 1451 4530 leucen
1464 4489 1577 4543 comen,
1592 4467 1787 4528 Nabataeorum
1797 4483 1856 4544 por·

282 4671 316 4734 (¹)
333 4670 400 4722 idem
414 4671 616 4724 Seirumbeetius
630 4675 713 4724 censet
724 4675 815 4739 periplo
825 4679 909 4728 nostro
924 4690 997 4728 usum
1008 4691 1061 4728 esse
1077 4677 1245 4736 rmieoaeun.
1259 4687 1305 4726 nec
1323 4685 1372 4725 uon
1387 4674 1412 4724 iu
1422 4672 1482 4724 Tali.
1501 4671 1683 4734 peutingeriana
1704 4667 1815 4720 nonnulla
1828 4677 1854 4715 er

250 4741 335 4791 eodem
348 4743 455 4791 sunnila
466 4755 525 4794 esse.
540 4745 603 4801 Qua
618 4743 643 4793 iu
658 4745 721 4794 hauc
733 4746 876 4797 sententimr
888 4748 982 4809 auoit,
995 4759 1068 4812 quun
1083 4749 1132 4798 siut
1144 4746 1287 4807 levidensis,
1301 4758 1349 4796 non
1367 4756 1471 4808 expono.
1488 4741 1592 4792 Probent
1603 4743 1649 4792 ista
1667 4740 1718 4804 qui,
1737 4739 1755 4788 si
1767 4737 1856 4788 uomina

250 4811 363 4873 quiedam
375 4812 402 4862 ln
411 4811 508 4863 duobus
517 4814 673 4878 amiptorlbus
688 4814 753 4865 lduu
763 4820 933 4879 argrrmemum
943 4819 1105 4870 tractantibus
1115 4817 1199 4870 eadem
1213 4817 1352 4878 occurrant,
1362 4816 1466 4866 aiterum
1477 4825 1522 4864 sua
1533 4811 1623 4862 debere
1634 4825 1665 4863 er
1681 4813 1755 4861 alteo
1767 4807 1856 4857 durinc

250 4884 356 4933 censent.

282 4950 329 5012 (⁴³⁸)
341 4953 372 5001 v.
381 4953 499 5002 lienam.
510 4955 531 5014 l,
540 4966 564 5016 p.
582 4958 622 5004 itt
637 4954 685 5016 (de
695 4967 745 5018 quo
753 4956 786 5005 cl.
796 4969 868 5020 super
878 4971 901 5022 p.
912 4971 990 5010 rcvm
999 4963 1050 5010 not.
1062 4959 1082 5022 i,
1092 4957 1169 5009 Ultert
1183 4960 1273 5020 Gerar.
1283 4959 1304 5019 l,
1318 4971 1341 5020 p.
1351 4959 1396 5007 toti
1405 4972 1412 5018 ς
1421 4957 1497 5006 itiiter
1507 4954 1560 5002 loco
1568 4965 1641 5015 surra
1651 4963 1675 5014 ρ.
1689 4961 1742 5000 scu
1754 4947 1856 5003 laudator

250 5020 339 5084 uintoy
354 5022 379 5071 in
390 5023 475 5074 Brrcb
487 5036 514 5073 u.
533 5024 661 5075 Gruber's
674 5027 772 5088 Eueyd.
788 5040 813 5076 r.
828 5028 910 5079 ludier
918 5043 942 5094 p.
952 5034 983 5080 su
995 5031 1004 5093 (
1015 5029 1057 5095 qui
1073 5029 1190 5092 peripium
1202 5029 1267 5076 circa
1275 5039 1315 5076 an.
1328 5033 1359 5076 eo
1369 5039 1392 5088 p.
1405 5029 1433 5075 c.
1449 5025 1564 5087 scriptum
1576 5037 1626 5074 ears
1637 5023 1725 5072 ceusu.
1736 5021 1762 5082 );
1775 5021 1856 5096 naum

251 5091 387 5142 leibclniss
396 5093 436 5143 sur
445 5093 485 5143 die
493 5093 581 5144 Kuude
590 5093 634 5144 des
644 5095 826 5158 Nurgcnlaudss
835 5100 877 5159 lv,
890 5111 914 5160 p.
927 5105 979 5150 liis.
996 5103 1072 5150 Lucas
1083 5097 1219 5148 llolslenins
1228 5097 1359 5159 inepistola
1371 5095 1401 5145 ad
1414 5095 1556 5145 Peiresoium
1568 5095 1610 5156 (p.
1626 5097 1652 5143 17
1665 5093 1690 5141 in
1702 5104 1740 5154 ep.
1755 5087 1857 5138 Parismu

249 5161 377 5281 ξιτορονϋ)
388 5162 419 5213 de
433 5167 627 5284 nostrpoaucture
640 5165 693 5217 lieo
705 5166 777 5218 lubet
792 5187 799 5218 ε
814 5185 827 5212 ι
843 5171 944 5221 cenem
958 5173 996 5222 est
1008 5171 1082 5221 inisse
1092 5171 1250 5220 moratorem
1265 5166 1454 5218 Alexandrinum
1476 5167 1604 5230 σύγρρονον
1621 5163 1712 5216 nouo
1728 5159 1797 5222 Tyrio
1817 5156 1856 5206 ⁸¹¹⁸

283 5243 385 5282 ΟΜ
395 5245 498 5298 ζαᾙψ
532 5269 539 5283 .
552 5255 565 5279 r
