<?xml version="1.0" encoding="UTF-8"?>
<!DOCTYPE html PUBLIC "-//W3C//DTD XHTML 1.0 Transitional//EN"
    "http://www.w3.org/TR/xhtml1/DTD/xhtml1-transitional.dtd">
<html xmlns="http://www.w3.org/1999/xhtml" xml:lang="en" lang="en">
 <head>
  <title>
</title>
<meta http-equiv="Content-Type" content="text/html;charset=utf-8" />
  <meta name='ocr-system' content='tesseract 3.04.00' />
  <meta name='ocr-capabilities' content='ocr_page ocr_carea ocr_par ocr_line ocrx_word'/>
</head>
<body>
  <div class='ocr_page' id='page_1' title='image "./geographigraeci03mlgoog/geographigraeci03mlgoog_0256.png"; bbox 0 0 3950 5925; ppageno 0'>
   <div class='ocr_carea' id='block_1_1' title="bbox 261 432 1879 529">
    <p class='ocr_par' dir='ltr' id='par_1_1' title="bbox 261 432 1879 529">
     <span class='ocr_line' id='line_1_1' title="bbox 261 432 1879 529; baseline 0.016 -45"><span class='ocrx_word' id='word_1_1' title='bbox 261 434 297 485; x_wconf 78' lang='lat' dir='ltr'><strong>er</strong></span> <span class='ocrx_word' id='word_1_2' title='bbox 818 432 1001 495; x_wconf 77' lang='lat' dir='ltr'><strong>SCYLAClS</strong></span> <span class='ocrx_word' id='word_1_3' title='bbox 1022 437 1314 503; x_wconf 75' lang='lat' dir='ltr'><strong>cunvnuuuusts</strong></span> <span class='ocrx_word' id='word_1_4' title='bbox 1774 454 1818 526; x_wconf 78' lang='grc' dir='ltr'>(ει,</span> <span class='ocrx_word' id='word_1_5' title='bbox 1829 458 1879 529; x_wconf 69' lang='grc' dir='ltr'><strong>ιε]</strong></span> 
     </span>
    </p>
   </div>
   <div class='ocr_carea' id='block_1_2' title="bbox 209 558 1957 2833">
    <p class='ocr_par' dir='ltr' id='par_1_2' title="bbox 209 558 1957 2833">
     <span class='ocr_line' id='line_1_2' title="bbox 261 558 1881 660; baseline 0.015 -38"><span class='ocrx_word' id='word_1_6' title='bbox 261 561 341 635; x_wconf 61' lang='grc' dir='ltr'>φῦκος</span> <span class='ocrx_word' id='word_1_7' title='bbox 360 562 405 628; x_wconf 52' lang='lat' dir='ltr'><strong>fb&lt;</strong></span> <span class='ocrx_word' id='word_1_8' title='bbox 425 560 524 637; x_wconf 72' lang='grc' dir='ltr'>θοχμῆς</span> <span class='ocrx_word' id='word_1_9' title='bbox 544 559 573 616; x_wconf 78' lang='lat' dir='ltr'><strong>rb</strong></span> <span class='ocrx_word' id='word_1_10' title='bbox 591 558 688 625; x_wconf 64' lang='lat' dir='ltr'><strong>ultim&lt;</strong></span> <span class='ocrx_word' id='word_1_11' title='bbox 707 562 751 618; x_wconf 65' lang='lat' dir='ltr'><strong>ml</strong></span> <span class='ocrx_word' id='word_1_12' title='bbox 771 562 868 621; x_wconf 68' lang='grc' dir='ltr'>ἄνωθεν</span> <span class='ocrx_word' id='word_1_13' title='bbox 893 564 951 638; x_wconf 68' lang='grc' dir='ltr'><strong>ὀξὺ,</strong></span> <span class='ocrx_word' id='word_1_14' title='bbox 973 564 1041 625; x_wconf 77' lang='grc' dir='ltr'>ὥστε</span> <span class='ocrx_word' id='word_1_15' title='bbox 1088 597 1208 651; x_wconf 80' lang='lat' dir='ltr'><strong>gamque.</strong></span> <span class='ocrx_word' id='word_1_16' title='bbox 1250 586 1295 636; x_wconf 84' lang='lat' dir='ltr'><strong>Est</strong></span> <span class='ocrx_word' id='word_1_17' title='bbox 1309 604 1369 637; x_wconf 86' lang='lat' dir='ltr'><strong>vero</strong></span> <span class='ocrx_word' id='word_1_18' title='bbox 1388 586 1442 639; x_wconf 80' lang='lat' dir='ltr'><strong>lure</strong></span> <span class='ocrx_word' id='word_1_19' title='bbox 1464 588 1518 657; x_wconf 84' lang='lat' dir='ltr'><strong>alga</strong></span> <span class='ocrx_word' id='word_1_20' title='bbox 1533 590 1611 660; x_wconf 87' lang='lat' dir='ltr'><strong>palmi</strong></span> <span class='ocrx_word' id='word_1_21' title='bbox 1632 591 1779 657; x_wconf 87' lang='lat' dir='ltr'><strong>latitudine,</strong></span> <span class='ocrx_word' id='word_1_22' title='bbox 1800 605 1826 646; x_wconf 88' lang='lat' dir='ltr'><strong>ct</strong></span> <span class='ocrx_word' id='word_1_23' title='bbox 1853 598 1881 647; x_wconf 89' lang='lat' dir='ltr'><strong>in</strong></span> 
     </span>
     <span class='ocr_line' id='line_1_3' title="bbox 261 646 1880 745; baseline 0.018 -43"><span class='ocrx_word' id='word_1_24' title='bbox 261 647 370 705; x_wconf 82' lang='grc' dir='ltr'>κεντεῖν.</span> <span class='ocrx_word' id='word_1_25' title='bbox 414 649 447 707; x_wconf 83' lang='lat' dir='ltr'><strong>Ol</strong></span> <span class='ocrx_word' id='word_1_26' title='bbox 466 647 492 704; x_wconf 75' lang='grc' dir='ltr'><strong>δὲ</strong></span> <span class='ocrx_word' id='word_1_27' title='bbox 522 646 633 726; x_wconf 80' lang='grc' dir='ltr'>ἔμποροί</span> <span class='ocrx_word' id='word_1_28' title='bbox 654 649 704 705; x_wconf 81' lang='grc' dir='ltr'>εἰσι</span> <span class='ocrx_word' id='word_1_29' title='bbox 731 649 779 724; x_wconf 74' lang='grc' dir='ltr'><strong>μὲν</strong></span> <span class='ocrx_word' id='word_1_30' title='bbox 812 651 944 719; x_wconf 83' lang='grc' dir='ltr'>Φοίνικες·</span> <span class='ocrx_word' id='word_1_31' title='bbox 975 655 1041 712; x_wconf 81' lang='grc' dir='ltr'>ίπὰν</span> <span class='ocrx_word' id='word_1_32' title='bbox 1088 678 1194 719; x_wconf 87' lang='lat' dir='ltr'><strong>acutum</strong></span> <span class='ocrx_word' id='word_1_33' title='bbox 1218 668 1327 736; x_wconf 79' lang='lat' dir='ltr'><strong>desinit,</strong></span> <span class='ocrx_word' id='word_1_34' title='bbox 1353 672 1419 724; x_wconf 88' lang='lat' dir='ltr'><strong>adeo</strong></span> <span class='ocrx_word' id='word_1_35' title='bbox 1442 684 1471 725; x_wconf 94' lang='lat' dir='ltr'><strong>ut</strong></span> <span class='ocrx_word' id='word_1_36' title='bbox 1488 687 1597 745; x_wconf 85' lang='lat' dir='ltr'><strong>pungat.</strong></span> <span class='ocrx_word' id='word_1_37' title='bbox 1642 680 1819 731; x_wconf 73' lang='lat' dir='ltr'><strong>ntercatumm</strong></span> <span class='ocrx_word' id='word_1_38' title='bbox 1843 680 1880 731; x_wconf 90' lang='lat' dir='ltr'><strong>ibi</strong></span> 
     </span>
     <span class='ocr_line' id='line_1_4' title="bbox 262 733 1957 830; baseline 0.017 -41"><span class='ocrx_word' id='word_1_39' title='bbox 262 733 289 789; x_wconf 81' lang='grc' dir='ltr'><strong>δὲ</strong></span> <span class='ocrx_word' id='word_1_40' title='bbox 305 734 448 813; x_wconf 87' lang='grc' dir='ltr'>ἀφίκωνται</span> <span class='ocrx_word' id='word_1_41' title='bbox 460 738 496 800; x_wconf 91' lang='grc' dir='ltr'>εἰς</span> <span class='ocrx_word' id='word_1_42' title='bbox 511 734 558 804; x_wconf 67' lang='grc' dir='ltr'><strong>τὴν</strong></span> <span class='ocrx_word' id='word_1_43' title='bbox 570 738 648 807; x_wconf 79' lang='grc' dir='ltr'>νῆσον</span> <span class='ocrx_word' id='word_1_44' title='bbox 661 735 708 808; x_wconf 72' lang='grc' dir='ltr'><strong>τὴν</strong></span> <span class='ocrx_word' id='word_1_45' title='bbox 724 737 835 816; x_wconf 77' lang='grc' dir='ltr'>Κέρνην,</span> <span class='ocrx_word' id='word_1_46' title='bbox 846 738 905 805; x_wconf 74' lang='grc' dir='ltr'>τοὺς</span> <span class='ocrx_word' id='word_1_47' title='bbox 922 740 970 817; x_wconf 81' lang='grc' dir='ltr'><strong>μὲν</strong></span> <span class='ocrx_word' id='word_1_48' title='bbox 981 742 1045 817; x_wconf 87' lang='grc' dir='ltr'>γαύ·</span> <span class='ocrx_word' id='word_1_49' title='bbox 1089 764 1211 806; x_wconf 82' lang='lat' dir='ltr'>exercent</span> <span class='ocrx_word' id='word_1_50' title='bbox 1234 756 1379 811; x_wconf 83' lang='lat' dir='ltr'><strong>Plroenices.</strong></span> <span class='ocrx_word' id='word_1_51' title='bbox 1417 761 1471 827; x_wconf 91' lang='lat' dir='ltr'><strong>Qui</strong></span> <span class='ocrx_word' id='word_1_52' title='bbox 1490 778 1572 830; x_wconf 89' lang='lat' dir='ltr'><strong>quum</strong></span> <span class='ocrx_word' id='word_1_53' title='bbox 1594 764 1621 814; x_wconf 90' lang='lat' dir='ltr'><strong>iu</strong></span> <span class='ocrx_word' id='word_1_54' title='bbox 1641 764 1744 816; x_wconf 74' lang='lat' dir='ltr'><strong>fernen</strong></span> <span class='ocrx_word' id='word_1_55' title='bbox 1764 766 1880 818; x_wconf 84' lang='lat' dir='ltr'><strong>insulam</strong></span> <span class='ocrx_word' id='word_1_56' title='bbox 1956 804 1957 811; x_wconf 57' lang='lat'><strong>.</strong></span> 
     </span>
     <span class='ocr_line' id='line_1_5' title="bbox 263 821 1882 912; baseline 0.017 -36"><span class='ocrx_word' id='word_1_57' title='bbox 263 823 323 885; x_wconf 90' lang='grc' dir='ltr'>λους</span> <span class='ocrx_word' id='word_1_58' title='bbox 337 821 546 901; x_wconf 84' lang='grc' dir='ltr'>καθορμίζουσιν,</span> <span class='ocrx_word' id='word_1_59' title='bbox 560 823 586 880; x_wconf 87' lang='grc' dir='ltr'><strong>ίν</strong></span> <span class='ocrx_word' id='word_1_60' title='bbox 606 827 640 902; x_wconf 69' lang='grc' dir='ltr'><strong>τῇ</strong></span> <span class='ocrx_word' id='word_1_61' title='bbox 656 821 744 903; x_wconf 83' lang='grc' dir='ltr'>ίίὲρνῃ</span> <span class='ocrx_word' id='word_1_62' title='bbox 759 825 857 898; x_wconf 80' lang='grc' dir='ltr'>σκηνθς</span> <span class='ocrx_word' id='word_1_63' title='bbox 870 827 1044 903; x_wconf 80' lang='grc' dir='ltr'>ποιησόμενοι</span> <span class='ocrx_word' id='word_1_64' title='bbox 1090 838 1257 906; x_wconf 78' lang='lat' dir='ltr'><strong>advenerint,</strong></span> <span class='ocrx_word' id='word_1_65' title='bbox 1266 844 1423 912; x_wconf 83' lang='lat' dir='ltr'><strong>gaulossuos</strong></span> <span class='ocrx_word' id='word_1_66' title='bbox 1433 848 1487 900; x_wconf 84' lang='lat' dir='ltr'><strong>sire</strong></span> <span class='ocrx_word' id='word_1_67' title='bbox 1499 865 1576 900; x_wconf 82' lang='lat' dir='ltr'><strong>naves</strong></span> <span class='ocrx_word' id='word_1_68' title='bbox 1588 852 1720 903; x_wconf 73' lang='lat' dir='ltr'>onerarias</span> <span class='ocrx_word' id='word_1_69' title='bbox 1734 852 1761 903; x_wconf 89' lang='lat' dir='ltr'><strong>in</strong></span> <span class='ocrx_word' id='word_1_70' title='bbox 1771 855 1882 904; x_wconf 86' lang='lat' dir='ltr'><strong>ancoris</strong></span> 
     </span>
     <span class='ocr_line' id='line_1_6' title="bbox 261 909 1880 1003; baseline 0.015 -38"><span class='ocrx_word' id='word_1_71' title='bbox 261 909 362 975; x_wconf 76' lang='grc' dir='ltr'>αὑτοῖς·</span> <span class='ocrx_word' id='word_1_72' title='bbox 374 909 418 968; x_wconf 84' lang='grc' dir='ltr'><strong>τὶν</strong></span> <span class='ocrx_word' id='word_1_73' title='bbox 430 909 457 967; x_wconf 81' lang='grc' dir='ltr'><strong>δὲ</strong></span> <span class='ocrx_word' id='word_1_74' title='bbox 475 910 569 991; x_wconf 81' lang='grc' dir='ltr'>φόρτον</span> <span class='ocrx_word' id='word_1_75' title='bbox 592 910 738 989; x_wconf 74' lang='grc' dir='ltr'>ἐξελόμενοι</span> <span class='ocrx_word' id='word_1_76' title='bbox 758 914 832 972; x_wconf 86' lang='grc' dir='ltr'>αὐτοὶ</span> <span class='ocrx_word' id='word_1_77' title='bbox 847 916 1042 992; x_wconf 76' lang='grc' dir='ltr'>διακομίζουσιν</span> <span class='ocrx_word' id='word_1_78' title='bbox 1088 924 1123 977; x_wconf 91' lang='lat' dir='ltr'><strong>ibi</strong></span> <span class='ocrx_word' id='word_1_79' title='bbox 1136 928 1240 993; x_wconf 89' lang='lat' dir='ltr'><strong>sistunt,</strong></span> <span class='ocrx_word' id='word_1_80' title='bbox 1254 940 1280 982; x_wconf 91' lang='lat' dir='ltr'><strong>et</strong></span> <span class='ocrx_word' id='word_1_81' title='bbox 1290 932 1316 982; x_wconf 91' lang='lat' dir='ltr'><strong>in</strong></span> <span class='ocrx_word' id='word_1_82' title='bbox 1327 932 1382 1003; x_wconf 86' lang='lat' dir='ltr'><strong>ipsa</strong></span> <span class='ocrx_word' id='word_1_83' title='bbox 1393 932 1476 986; x_wconf 89' lang='lat' dir='ltr'><strong>insula</strong></span> <span class='ocrx_word' id='word_1_84' title='bbox 1489 932 1572 1003; x_wconf 86' lang='lat' dir='ltr'><strong>figunt</strong></span> <span class='ocrx_word' id='word_1_85' title='bbox 1583 936 1633 987; x_wconf 88' lang='lat' dir='ltr'><strong>sibi</strong></span> <span class='ocrx_word' id='word_1_86' title='bbox 1643 937 1764 991; x_wconf 85' lang='lat' dir='ltr'><strong>tentoria.</strong></span> <span class='ocrx_word' id='word_1_87' title='bbox 1778 940 1880 990; x_wconf 75' lang='lat' dir='ltr'><strong>Exem-</strong></span> 
     </span>
     <span class='ocr_line' id='line_1_7' title="bbox 261 997 1882 1092; baseline 0.016 -40"><span class='ocrx_word' id='word_1_88' title='bbox 261 998 287 1052; x_wconf 77' lang='grc' dir='ltr'><strong>ἐν</strong></span> <span class='ocrx_word' id='word_1_89' title='bbox 300 997 401 1075; x_wconf 80' lang='grc' dir='ltr'>μικροῖς</span> <span class='ocrx_word' id='word_1_90' title='bbox 414 997 512 1065; x_wconf 90' lang='grc' dir='ltr'>πλοίοις</span> <span class='ocrx_word' id='word_1_91' title='bbox 524 998 560 1065; x_wconf 89' lang='grc' dir='ltr'>εἰς</span> <span class='ocrx_word' id='word_1_92' title='bbox 578 998 625 1070; x_wconf 78' lang='grc' dir='ltr'><strong>τλν</strong></span> <span class='ocrx_word' id='word_1_93' title='bbox 639 999 758 1080; x_wconf 73' lang='grc' dir='ltr'>ἤπειρον.</span> <span class='ocrx_word' id='word_1_94' title='bbox 801 1002 863 1061; x_wconf 82' lang='grc' dir='ltr'>Εἰσὶ</span> <span class='ocrx_word' id='word_1_95' title='bbox 878 1002 905 1061; x_wconf 74' lang='grc' dir='ltr'><strong>δὲ</strong></span> <span class='ocrx_word' id='word_1_96' title='bbox 921 1004 1045 1073; x_wconf 79' lang='grc' dir='ltr'>Αἰθίοπες</span> <span class='ocrx_word' id='word_1_97' title='bbox 1089 1022 1127 1064; x_wconf 82' lang='lat' dir='ltr'><strong>tas</strong></span> <span class='ocrx_word' id='word_1_98' title='bbox 1142 1012 1237 1067; x_wconf 91' lang='lat' dir='ltr'><strong>deinde</strong></span> <span class='ocrx_word' id='word_1_99' title='bbox 1254 1034 1268 1069; x_wconf 87' lang='lat' dir='ltr'><strong>e</strong></span> <span class='ocrx_word' id='word_1_100' title='bbox 1286 998 1367 1085; x_wconf 88' lang='lat' dir='ltr'><strong>gaulis</strong></span> <span class='ocrx_word' id='word_1_101' title='bbox 1392 1036 1491 1072; x_wconf 79' lang='lat' dir='ltr'>merces</span> <span class='ocrx_word' id='word_1_102' title='bbox 1512 1022 1612 1090; x_wconf 79' lang='lat' dir='ltr'>exiguis</span> <span class='ocrx_word' id='word_1_103' title='bbox 1634 1024 1741 1092; x_wconf 75' lang='lat' dir='ltr'><strong>navigiis</strong></span> <span class='ocrx_word' id='word_1_104' title='bbox 1760 1035 1882 1078; x_wconf 82' lang='lat' dir='ltr'><strong>transre-</strong></span> 
     </span>
     <span class='ocr_line' id='line_1_8' title="bbox 260 1079 1881 1183; baseline 0.018 -46"><span class='ocrx_word' id='word_1_105' title='bbox 260 1082 323 1161; x_wconf 87' lang='grc' dir='ltr'>πρὸς</span> <span class='ocrx_word' id='word_1_106' title='bbox 336 1083 383 1153; x_wconf 73' lang='grc' dir='ltr'><strong>τὶν</strong></span> <span class='ocrx_word' id='word_1_107' title='bbox 395 1083 514 1166; x_wconf 79' lang='grc' dir='ltr'>ἤπειρον.</span> <span class='ocrx_word' id='word_1_108' title='bbox 559 1086 622 1147; x_wconf 84' lang='grc' dir='ltr'>Εἰσὶ</span> <span class='ocrx_word' id='word_1_109' title='bbox 634 1086 661 1145; x_wconf 76' lang='lat' dir='ltr'><strong>ll</strong></span> <span class='ocrx_word' id='word_1_110' title='bbox 673 1079 743 1147; x_wconf 71' lang='lat' dir='ltr'><strong>obtat</strong></span> <span class='ocrx_word' id='word_1_111' title='bbox 754 1088 915 1163; x_wconf 75' lang='grc' dir='ltr'>σίᾹίθίοπες,</span> <span class='ocrx_word' id='word_1_112' title='bbox 926 1091 991 1169; x_wconf 79' lang='grc' dir='ltr'>πρὸς</span> <span class='ocrx_word' id='word_1_113' title='bbox 1002 1091 1045 1161; x_wconf 78' lang='grc' dir='ltr'><strong>οὓς</strong></span> <span class='ocrx_word' id='word_1_114' title='bbox 1089 1098 1192 1154; x_wconf 88' lang='lat' dir='ltr'><strong>buntin</strong></span> <span class='ocrx_word' id='word_1_115' title='bbox 1206 1106 1394 1158; x_wconf 87' lang='lat' dir='ltr'><strong>continentem.</strong></span> <span class='ocrx_word' id='word_1_116' title='bbox 1415 1106 1545 1161; x_wconf 73' lang='lat' dir='ltr'><strong>Accolunt</strong></span> <span class='ocrx_word' id='word_1_117' title='bbox 1567 1128 1624 1162; x_wconf 87' lang='lat' dir='ltr'><strong>eam</strong></span> <span class='ocrx_word' id='word_1_118' title='bbox 1640 1110 1788 1182; x_wconf 82' lang='lat' dir='ltr'><strong>AEtbiopes,</strong></span> <span class='ocrx_word' id='word_1_119' title='bbox 1804 1118 1881 1183; x_wconf 88' lang='lat' dir='ltr'><strong>atqui</strong></span> 
     </span>
     <span class='ocr_line' id='line_1_9' title="bbox 260 1169 1881 1261; baseline 0.016 -35"><span class='ocrx_word' id='word_1_120' title='bbox 260 1169 426 1230; x_wconf 72' lang='grc' dir='ltr'>διατίθενται.</span> <span class='ocrx_word' id='word_1_121' title='bbox 472 1176 597 1233; x_wconf 81' lang='grc' dir='ltr'>Πωλοῦσι</span> <span class='ocrx_word' id='word_1_122' title='bbox 609 1172 636 1233; x_wconf 84' lang='grc' dir='ltr'><strong>δί</strong></span> <span class='ocrx_word' id='word_1_123' title='bbox 654 1175 720 1253; x_wconf 83' lang='grc' dir='ltr'>πρὶς</span> <span class='ocrx_word' id='word_1_124' title='bbox 738 1175 858 1255; x_wconf 74' lang='grc' dir='ltr'>δέρματα</span> <span class='ocrx_word' id='word_1_125' title='bbox 870 1178 976 1258; x_wconf 75' lang='grc' dir='ltr'>ἐλάφων</span> <span class='ocrx_word' id='word_1_126' title='bbox 997 1181 1043 1239; x_wconf 86' lang='grc' dir='ltr'><strong>καὶ</strong></span> <span class='ocrx_word' id='word_1_127' title='bbox 1089 1185 1116 1237; x_wconf 92' lang='lat' dir='ltr'><strong>hi</strong></span> <span class='ocrx_word' id='word_1_128' title='bbox 1129 1196 1190 1239; x_wconf 90' lang='lat' dir='ltr'><strong>sunt</strong></span> <span class='ocrx_word' id='word_1_129' title='bbox 1201 1189 1359 1258; x_wconf 89' lang='lat' dir='ltr'><strong>quibuscum</strong></span> <span class='ocrx_word' id='word_1_130' title='bbox 1379 1194 1553 1261; x_wconf 74' lang='lat' dir='ltr'>negotiantur.</span> <span class='ocrx_word' id='word_1_131' title='bbox 1574 1194 1701 1248; x_wconf 76' lang='lat' dir='ltr'><strong>Vendunt</strong></span> <span class='ocrx_word' id='word_1_132' title='bbox 1717 1208 1806 1250; x_wconf 88' lang='lat' dir='ltr'><strong>autem</strong></span> <span class='ocrx_word' id='word_1_133' title='bbox 1821 1218 1881 1251; x_wconf 91' lang='lat' dir='ltr'><strong>mu·</strong></span> 
     </span>
     <span class='ocr_line' id='line_1_10' title="bbox 260 1258 1878 1354; baseline 0.013 -38"><span class='ocrx_word' id='word_1_134' title='bbox 260 1258 370 1317; x_wconf 84' lang='grc' dir='ltr'>λεόντων</span> <span class='ocrx_word' id='word_1_135' title='bbox 392 1261 438 1319; x_wconf 90' lang='grc' dir='ltr'><strong>καὶ</strong></span> <span class='ocrx_word' id='word_1_136' title='bbox 458 1262 615 1342; x_wconf 81' lang='grc' dir='ltr'>παρδάλεων</span> <span class='ocrx_word' id='word_1_137' title='bbox 633 1262 680 1322; x_wconf 91' lang='grc' dir='ltr'><strong>καὶ</strong></span> <span class='ocrx_word' id='word_1_138' title='bbox 700 1262 818 1343; x_wconf 80' lang='grc' dir='ltr'>δέρματα</span> <span class='ocrx_word' id='word_1_139' title='bbox 832 1266 981 1347; x_wconf 73' lang='grc' dir='ltr'>ἐλεφάντων</span> <span class='ocrx_word' id='word_1_140' title='bbox 998 1268 1044 1328; x_wconf 85' lang='grc' dir='ltr'><strong>καὶ</strong></span> <span class='ocrx_word' id='word_1_141' title='bbox 1089 1272 1169 1325; x_wconf 80' lang='lat' dir='ltr'><strong>tando</strong></span> <span class='ocrx_word' id='word_1_142' title='bbox 1191 1292 1237 1327; x_wconf 86' lang='lat' dir='ltr'><strong>sua</strong></span> <span class='ocrx_word' id='word_1_143' title='bbox 1263 1276 1372 1346; x_wconf 90' lang='lat' dir='ltr'><strong>pellibus</strong></span> <span class='ocrx_word' id='word_1_144' title='bbox 1392 1296 1546 1343; x_wconf 83' lang='lat' dir='ltr'><strong>cervorum,</strong></span> <span class='ocrx_word' id='word_1_145' title='bbox 1574 1280 1694 1346; x_wconf 89' lang='lat' dir='ltr'><strong>leonum,</strong></span> <span class='ocrx_word' id='word_1_146' title='bbox 1710 1283 1878 1354; x_wconf 86' lang='lat' dir='ltr'><strong>pardalium,</strong></span> 
     </span>
     <span class='ocr_line' id='line_1_11' title="bbox 258 1346 1878 1436; baseline 0.012 -34"><span class='ocrx_word' id='word_1_147' title='bbox 258 1346 383 1423; x_wconf 78' lang='grc' dir='ltr'>ὀδόντας,</span> <span class='ocrx_word' id='word_1_148' title='bbox 396 1350 440 1406; x_wconf 87' lang='grc' dir='ltr'><strong>καί</strong></span> <span class='ocrx_word' id='word_1_149' title='bbox 454 1352 506 1406; x_wconf 79' lang='grc' dir='ltr'><strong>τῶν</strong></span> <span class='ocrx_word' id='word_1_150' title='bbox 517 1350 624 1429; x_wconf 75' lang='grc' dir='ltr'>ἡμέραιν</span> <span class='ocrx_word' id='word_1_151' title='bbox 640 1352 828 1429; x_wconf 76' lang='grc' dir='ltr'>βοσκημάτων.</span> <span class='ocrx_word' id='word_1_152' title='bbox 872 1356 908 1414; x_wconf 89' lang='lat' dir='ltr'><strong>Ol</strong></span> <span class='ocrx_word' id='word_1_153' title='bbox 921 1354 1044 1424; x_wconf 77' lang='grc' dir='ltr'>Αἰθίοπες</span> <span class='ocrx_word' id='word_1_154' title='bbox 1087 1361 1198 1432; x_wconf 86' lang='lat' dir='ltr'><strong>pellibus</strong></span> <span class='ocrx_word' id='word_1_155' title='bbox 1221 1360 1394 1435; x_wconf 72' lang='lat' dir='ltr'><strong>dentibusque</strong></span> <span class='ocrx_word' id='word_1_156' title='bbox 1414 1364 1598 1436; x_wconf 83' lang='lat' dir='ltr'><strong>elephantum,</strong></span> <span class='ocrx_word' id='word_1_157' title='bbox 1621 1379 1647 1420; x_wconf 90' lang='lat' dir='ltr'><strong>et</strong></span> <span class='ocrx_word' id='word_1_158' title='bbox 1668 1368 1878 1422; x_wconf 88' lang='lat' dir='ltr'><strong>domesticorum</strong></span> 
     </span>
     <span class='ocr_line' id='line_1_12' title="bbox 259 1435 1877 1523; baseline 0.012 -33"><span class='ocrx_word' id='word_1_159' title='bbox 259 1435 498 1517; x_wconf 64' lang='grc' dir='ltr'><strong>γρόίνταικο’σμῳ“ι</strong></span> <span class='ocrx_word' id='word_1_160' title='bbox 506 1438 628 1509; x_wconf 87' lang='grc' dir='ltr'>στίκτοις,</span> <span class='ocrx_word' id='word_1_161' title='bbox 641 1436 687 1496; x_wconf 90' lang='grc' dir='ltr'><strong>καὶ</strong></span> <span class='ocrx_word' id='word_1_162' title='bbox 698 1438 838 1515; x_wconf 77' lang='grc' dir='ltr'>ἐκπώμασι</span> <span class='ocrx_word' id='word_1_163' title='bbox 849 1446 894 1499; x_wconf 74' lang='grc' dir='ltr'><strong>τοῦ</strong></span> <span class='ocrx_word' id='word_1_164' title='bbox 906 1441 1044 1520; x_wconf 81' lang='grc' dir='ltr'>ἐλέφαντος</span> <span class='ocrx_word' id='word_1_165' title='bbox 1088 1446 1198 1517; x_wconf 90' lang='lat' dir='ltr'><strong>pellibus</strong></span> <span class='ocrx_word' id='word_1_166' title='bbox 1210 1467 1345 1519; x_wconf 88' lang='lat' dir='ltr'><strong>pecorum.</strong></span> <span class='ocrx_word' id='word_1_167' title='bbox 1384 1451 1519 1522; x_wconf 81' lang='lat' dir='ltr'><strong>AEtbiopes</strong></span> <span class='ocrx_word' id='word_1_168' title='bbox 1530 1471 1578 1523; x_wconf 91' lang='lat' dir='ltr'><strong>pro</strong></span> <span class='ocrx_word' id='word_1_169' title='bbox 1593 1465 1688 1507; x_wconf 88' lang='lat' dir='ltr'><strong>ornatu</strong></span> <span class='ocrx_word' id='word_1_170' title='bbox 1703 1466 1818 1507; x_wconf 87' lang='lat' dir='ltr'><strong>utuntur</strong></span> <span class='ocrx_word' id='word_1_171' title='bbox 1834 1476 1877 1509; x_wconf 81' lang='lat' dir='ltr'><strong>ra-</strong></span> 
     </span>
     <span class='ocr_line' id='line_1_13' title="bbox 260 1522 1877 1616; baseline 0.013 -38"><span class='ocrx_word' id='word_1_172' title='bbox 260 1522 374 1601; x_wconf 77' lang='grc' dir='ltr'>φιοίλαις</span> <span class='ocrx_word' id='word_1_173' title='bbox 387 1526 432 1583; x_wconf 90' lang='grc' dir='ltr'><strong>καὶ</strong></span> <span class='ocrx_word' id='word_1_174' title='bbox 444 1528 472 1584; x_wconf 83' lang='grc' dir='ltr'><strong>αἱ</strong></span> <span class='ocrx_word' id='word_1_175' title='bbox 484 1535 604 1603; x_wconf 88' lang='grc' dir='ltr'>γυναῖκες</span> <span class='ocrx_word' id='word_1_176' title='bbox 616 1526 702 1584; x_wconf 73' lang='grc' dir='ltr'>αἰετῶν</span> <span class='ocrx_word' id='word_1_177' title='bbox 713 1531 830 1607; x_wconf 81' lang='grc' dir='ltr'>χρῶνται</span> <span class='ocrx_word' id='word_1_178' title='bbox 841 1528 935 1608; x_wconf 86' lang='grc' dir='ltr'>κόσμῳ</span> <span class='ocrx_word' id='word_1_179' title='bbox 945 1530 1044 1611; x_wconf 79' lang='grc' dir='ltr'>ψελίοις</span> <span class='ocrx_word' id='word_1_180' title='bbox 1088 1538 1191 1605; x_wconf 88' lang='lat' dir='ltr'><strong>riegatis</strong></span> <span class='ocrx_word' id='word_1_181' title='bbox 1207 1539 1217 1609; x_wconf 89' lang='lat'><strong>[</strong></span> <span class='ocrx_word' id='word_1_182' title='bbox 1224 1538 1340 1609; x_wconf 76' lang='lat' dir='ltr'><strong>pellibus</strong></span> <span class='ocrx_word' id='word_1_183' title='bbox 1349 1538 1373 1610; x_wconf 92' lang='lat'><strong>],</strong></span> <span class='ocrx_word' id='word_1_184' title='bbox 1392 1550 1417 1592; x_wconf 88' lang='lat' dir='ltr'><strong>et</strong></span> <span class='ocrx_word' id='word_1_185' title='bbox 1431 1540 1524 1611; x_wconf 78' lang='lat' dir='ltr'>phialis</span> <span class='ocrx_word' id='word_1_186' title='bbox 1546 1542 1668 1595; x_wconf 79' lang='lat' dir='ltr'><strong>eburneis</strong></span> <span class='ocrx_word' id='word_1_187' title='bbox 1691 1562 1741 1615; x_wconf 91' lang='lat' dir='ltr'><strong>pro</strong></span> <span class='ocrx_word' id='word_1_188' title='bbox 1755 1544 1877 1616; x_wconf 85' lang='lat' dir='ltr'><strong>poculis:</strong></span> 
     </span>
     <span class='ocr_line' id='line_1_14' title="bbox 259 1612 1878 1697; baseline 0.011 -30"><span class='ocrx_word' id='word_1_189' title='bbox 259 1617 305 1671; x_wconf 79' lang='grc' dir='ltr'><strong>τοῦ</strong></span> <span class='ocrx_word' id='word_1_190' title='bbox 316 1612 468 1691; x_wconf 77' lang='grc' dir='ltr'>ἐλέφαντος·</span> <span class='ocrx_word' id='word_1_191' title='bbox 482 1618 601 1694; x_wconf 83' lang='grc' dir='ltr'>χρῶνται</span> <span class='ocrx_word' id='word_1_192' title='bbox 619 1612 646 1672; x_wconf 74' lang='lat' dir='ltr'><strong>ll</strong></span> <span class='ocrx_word' id='word_1_193' title='bbox 660 1614 706 1673; x_wconf 89' lang='grc' dir='ltr'><strong>καὶ</strong></span> <span class='ocrx_word' id='word_1_194' title='bbox 720 1616 784 1695; x_wconf 82' lang='grc' dir='ltr'>πρὸς</span> <span class='ocrx_word' id='word_1_195' title='bbox 798 1616 857 1683; x_wconf 84' lang='grc' dir='ltr'>τοὺς</span> <span class='ocrx_word' id='word_1_196' title='bbox 874 1616 969 1684; x_wconf 88' lang='grc' dir='ltr'>ίππους</span> <span class='ocrx_word' id='word_1_197' title='bbox 981 1620 1044 1676; x_wconf 73' lang='lat' dir='ltr'><strong>tte·</strong></span> <span class='ocrx_word' id='word_1_198' title='bbox 1088 1624 1210 1677; x_wconf 91' lang='lat' dir='ltr'><strong>mulieres</strong></span> <span class='ocrx_word' id='word_1_199' title='bbox 1231 1644 1324 1679; x_wconf 91' lang='lat' dir='ltr'><strong>eorum</strong></span> <span class='ocrx_word' id='word_1_200' title='bbox 1348 1636 1471 1680; x_wconf 82' lang='lat' dir='ltr'><strong>ornatum</strong></span> <span class='ocrx_word' id='word_1_201' title='bbox 1497 1638 1598 1697; x_wconf 87' lang='lat' dir='ltr'><strong>gestant</strong></span> <span class='ocrx_word' id='word_1_202' title='bbox 1619 1632 1719 1683; x_wconf 78' lang='lat' dir='ltr'>armilla</span> <span class='ocrx_word' id='word_1_203' title='bbox 1743 1632 1878 1695; x_wconf 86' lang='lat' dir='ltr'><strong>eburnea;</strong></span> 
     </span>
     <span class='ocr_line' id='line_1_15' title="bbox 261 1695 1880 1791; baseline 0.01 -34"><span class='ocrx_word' id='word_1_204' title='bbox 261 1701 376 1782; x_wconf 84' lang='grc' dir='ltr'>φαντίνῳ</span> <span class='ocrx_word' id='word_1_205' title='bbox 388 1701 489 1783; x_wconf 86' lang='grc' dir='ltr'>κόσμῳ.</span> <span class='ocrx_word' id='word_1_206' title='bbox 534 1700 595 1762; x_wconf 84' lang='grc' dir='ltr'>Εἰσί</span> <span class='ocrx_word' id='word_1_207' title='bbox 612 1700 638 1759; x_wconf 74' lang='grc' dir='ltr'><strong>δὲ</strong></span> <span class='ocrx_word' id='word_1_208' title='bbox 660 1695 730 1761; x_wconf 67' lang='grc' dir='ltr'>οὗτοι</span> <span class='ocrx_word' id='word_1_209' title='bbox 746 1706 770 1761; x_wconf 87' lang='lat' dir='ltr'><strong>ol</strong></span> <span class='ocrx_word' id='word_1_210' title='bbox 784 1704 907 1771; x_wconf 82' lang='grc' dir='ltr'>Αἰθίοπες</span> <span class='ocrx_word' id='word_1_211' title='bbox 925 1705 1043 1783; x_wconf 81' lang='grc' dir='ltr'>μέγιστοι</span> <span class='ocrx_word' id='word_1_212' title='bbox 1088 1731 1170 1783; x_wconf 88' lang='lat' dir='ltr'><strong>equos</strong></span> <span class='ocrx_word' id='word_1_213' title='bbox 1179 1732 1285 1785; x_wconf 89' lang='lat' dir='ltr'><strong>quoque</strong></span> <span class='ocrx_word' id='word_1_214' title='bbox 1294 1715 1373 1768; x_wconf 89' lang='lat' dir='ltr'><strong>ebore</strong></span> <span class='ocrx_word' id='word_1_215' title='bbox 1385 1724 1491 1769; x_wconf 88' lang='lat' dir='ltr'><strong>ornant.</strong></span> <span class='ocrx_word' id='word_1_216' title='bbox 1529 1718 1597 1771; x_wconf 90' lang='lat' dir='ltr'><strong>Sunt</strong></span> <span class='ocrx_word' id='word_1_217' title='bbox 1606 1730 1693 1771; x_wconf 85' lang='lat' dir='ltr'><strong>autem</strong></span> <span class='ocrx_word' id='word_1_218' title='bbox 1702 1720 1730 1771; x_wconf 91' lang='lat' dir='ltr'><strong>hi</strong></span> <span class='ocrx_word' id='word_1_219' title='bbox 1740 1720 1880 1791; x_wconf 74' lang='lat' dir='ltr'><strong>AEtbioprs</strong></span> 
     </span>
     <span class='ocr_line' id='line_1_16' title="bbox 262 1780 1881 1875; baseline 0.009 -32"><span class='ocrx_word' id='word_1_220' title='bbox 262 1787 404 1867; x_wconf 85' lang='grc' dir='ltr'>ἀνθρώπων</span> <span class='ocrx_word' id='word_1_221' title='bbox 418 1790 524 1848; x_wconf 88' lang='grc' dir='ltr'>ποίντων</span> <span class='ocrx_word' id='word_1_222' title='bbox 537 1780 573 1849; x_wconf 65' lang='grc' dir='ltr'><strong>ὧν</strong></span> <span class='ocrx_word' id='word_1_223' title='bbox 594 1794 671 1867; x_wconf 75' lang='grc' dir='ltr'>ἡμεῖς</span> <span class='ocrx_word' id='word_1_224' title='bbox 686 1789 774 1868; x_wconf 89' lang='grc' dir='ltr'>ίσμεν,</span> <span class='ocrx_word' id='word_1_225' title='bbox 795 1792 897 1868; x_wconf 79' lang='grc' dir='ltr'>μείζους</span> <span class='ocrx_word' id='word_1_226' title='bbox 909 1790 926 1863; x_wconf 76' lang='grc' dir='ltr'>ἢ</span> <span class='ocrx_word' id='word_1_227' title='bbox 947 1817 1041 1873; x_wconf 85' lang='grc' dir='ltr'>τετρα-</span> <span class='ocrx_word' id='word_1_228' title='bbox 1088 1800 1208 1853; x_wconf 89' lang='lat' dir='ltr'><strong>omnium</strong></span> <span class='ocrx_word' id='word_1_229' title='bbox 1220 1801 1358 1855; x_wconf 90' lang='lat' dir='ltr'><strong>bominum</strong></span> <span class='ocrx_word' id='word_1_230' title='bbox 1370 1802 1446 1855; x_wconf 84' lang='lat' dir='ltr'><strong>nobis</strong></span> <span class='ocrx_word' id='word_1_231' title='bbox 1459 1804 1625 1873; x_wconf 85' lang='lat' dir='ltr'><strong>cognitorum</strong></span> <span class='ocrx_word' id='word_1_232' title='bbox 1634 1807 1752 1871; x_wconf 80' lang='lat' dir='ltr'><strong>maximi,</strong></span> <span class='ocrx_word' id='word_1_233' title='bbox 1764 1788 1881 1875; x_wconf 79' lang='lat' dir='ltr'><strong>majores</strong></span> 
     </span>
     <span class='ocr_line' id='line_1_17' title="bbox 260 1874 1880 1964; baseline 0.007 -31"><span class='ocrx_word' id='word_1_234' title='bbox 260 1875 370 1953; x_wconf 70' lang='grc' dir='ltr'>πήχεις·</span> <span class='ocrx_word' id='word_1_235' title='bbox 394 1877 444 1936; x_wconf 89' lang='grc' dir='ltr'>εἰσὶ</span> <span class='ocrx_word' id='word_1_236' title='bbox 468 1879 496 1937; x_wconf 78' lang='grc' dir='ltr'><strong>δέ</strong></span> <span class='ocrx_word' id='word_1_237' title='bbox 517 1902 583 1945; x_wconf 85' lang='grc' dir='ltr'>τινες</span> <span class='ocrx_word' id='word_1_238' title='bbox 606 1879 759 1937; x_wconf 80' lang='grc' dir='ltr'>αὐτῶνκαὶ</span> <span class='ocrx_word' id='word_1_239' title='bbox 782 1880 973 1959; x_wconf 80' lang='grc' dir='ltr'>πενταπήχεις·</span> <span class='ocrx_word' id='word_1_240' title='bbox 998 1874 1051 1941; x_wconf 79' lang='grc' dir='ltr'><strong>καὶ</strong></span> <span class='ocrx_word' id='word_1_241' title='bbox 1088 1904 1167 1956; x_wconf 90' lang='lat' dir='ltr'><strong>quam</strong></span> <span class='ocrx_word' id='word_1_242' title='bbox 1181 1886 1416 1957; x_wconf 84' lang='lat' dir='ltr'><strong>quadricubitales;</strong></span> <span class='ocrx_word' id='word_1_243' title='bbox 1440 1890 1559 1943; x_wconf 79' lang='lat' dir='ltr'><strong>nonnulli</strong></span> <span class='ocrx_word' id='word_1_244' title='bbox 1577 1910 1640 1944; x_wconf 83' lang='lat' dir='ltr'><strong>vero</strong></span> <span class='ocrx_word' id='word_1_245' title='bbox 1655 1893 1734 1944; x_wconf 88' lang='lat' dir='ltr'><strong>etiam</strong></span> <span class='ocrx_word' id='word_1_246' title='bbox 1756 1895 1880 1964; x_wconf 88' lang='lat' dir='ltr'><strong>quinque</strong></span> 
     </span>
     <span class='ocr_line' id='line_1_18' title="bbox 259 1964 1878 2045; baseline 0.007 -24"><span class='ocrx_word' id='word_1_247' title='bbox 259 1964 444 2045; x_wconf 85' lang='grc' dir='ltr'>πωγωνοφόροι</span> <span class='ocrx_word' id='word_1_248' title='bbox 465 1965 514 2024; x_wconf 86' lang='grc' dir='ltr'>εἰσί</span> <span class='ocrx_word' id='word_1_249' title='bbox 537 1966 582 2024; x_wconf 90' lang='grc' dir='ltr'><strong>καὶ</strong></span> <span class='ocrx_word' id='word_1_250' title='bbox 606 1970 734 2041; x_wconf 78' lang='grc' dir='ltr'>κομῆται,</span> <span class='ocrx_word' id='word_1_251' title='bbox 756 1967 801 2025; x_wconf 84' lang='grc' dir='ltr'><strong>καί</strong></span> <span class='ocrx_word' id='word_1_252' title='bbox 818 1967 954 2026; x_wconf 83' lang='grc' dir='ltr'>κάλλιστοι</span> <span class='ocrx_word' id='word_1_253' title='bbox 972 1969 1041 2027; x_wconf 82' lang='grc' dir='ltr'>ποίν·</span> <span class='ocrx_word' id='word_1_254' title='bbox 1088 1974 1878 2032; x_wconf 85' lang='lat' dir='ltr'><strong>suntcubitorum.Porrosuntbarbatieteomatiomnium·</strong></span> 
     </span>
     <span class='ocr_line' id='line_1_19' title="bbox 258 2046 1880 2138; baseline 0.006 -27"><span class='ocrx_word' id='word_1_255' title='bbox 258 2076 310 2111; x_wconf 81' lang='grc' dir='ltr'><strong>των</strong></span> <span class='ocrx_word' id='word_1_256' title='bbox 325 2052 466 2133; x_wconf 85' lang='grc' dir='ltr'>ἀνθρώπων</span> <span class='ocrx_word' id='word_1_257' title='bbox 479 2046 550 2113; x_wconf 70' lang='grc' dir='ltr'>οὗτοί</span> <span class='ocrx_word' id='word_1_258' title='bbox 565 2056 625 2116; x_wconf 91' lang='grc' dir='ltr'>εἰσι.</span> <span class='ocrx_word' id='word_1_259' title='bbox 671 2055 726 2113; x_wconf 89' lang='grc' dir='ltr'><strong>Καὶ</strong></span> <span class='ocrx_word' id='word_1_260' title='bbox 740 2054 873 2134; x_wconf 79' lang='grc' dir='ltr'>βασιλεύει</span> <span class='ocrx_word' id='word_1_261' title='bbox 892 2058 978 2114; x_wconf 82' lang='grc' dir='ltr'>αὐτῶν</span> <span class='ocrx_word' id='word_1_262' title='bbox 996 2048 1040 2115; x_wconf 66' lang='grc' dir='ltr'><strong>οὗ·</strong></span> <span class='ocrx_word' id='word_1_263' title='bbox 1087 2062 1463 2134; x_wconf 86' lang='lat' dir='ltr'><strong>quehominumpuleerrimi.</strong></span> <span class='ocrx_word' id='word_1_264' title='bbox 1501 2066 1660 2137; x_wconf 84' lang='lat' dir='ltr'><strong>Regitipsos</strong></span> <span class='ocrx_word' id='word_1_265' title='bbox 1679 2068 1762 2138; x_wconf 90' lang='lat' dir='ltr'><strong>isqui</strong></span> <span class='ocrx_word' id='word_1_266' title='bbox 1779 2080 1880 2121; x_wconf 78' lang='lat' dir='ltr'><strong>statura</strong></span> 
     </span>
     <span class='ocr_line' id='line_1_20' title="bbox 256 2132 1878 2226; baseline 0.008 -30"><span class='ocrx_word' id='word_1_267' title='bbox 256 2162 312 2210; x_wconf 81' lang='grc' dir='ltr'>τος,</span> <span class='ocrx_word' id='word_1_268' title='bbox 340 2138 367 2208; x_wconf 87' lang='grc' dir='ltr'><strong>θς</strong></span> <span class='ocrx_word' id='word_1_269' title='bbox 389 2132 458 2219; x_wconf 59' lang='lat' dir='ltr'><strong>iugi</strong></span> <span class='ocrx_word' id='word_1_270' title='bbox 484 2141 613 2217; x_wconf 80' lang='grc' dir='ltr'>μέγιστος.</span> <span class='ocrx_word' id='word_1_271' title='bbox 656 2141 720 2201; x_wconf 86' lang='grc' dir='ltr'>Εἰσί</span> <span class='ocrx_word' id='word_1_272' title='bbox 750 2139 796 2200; x_wconf 90' lang='grc' dir='ltr'><strong>καὶ</strong></span> <span class='ocrx_word' id='word_1_273' title='bbox 820 2142 972 2214; x_wconf 77' lang='grc' dir='ltr'>ἱππηλάται</span> <span class='ocrx_word' id='word_1_274' title='bbox 996 2144 1041 2202; x_wconf 85' lang='grc' dir='ltr'><strong>καὶ</strong></span> <span class='ocrx_word' id='word_1_275' title='bbox 1087 2159 1126 2201; x_wconf 89' lang='lat' dir='ltr'><strong>est</strong></span> <span class='ocrx_word' id='word_1_276' title='bbox 1138 2151 1277 2203; x_wconf 83' lang='lat' dir='ltr'><strong>maximus.</strong></span> <span class='ocrx_word' id='word_1_277' title='bbox 1315 2152 1469 2205; x_wconf 87' lang='lat' dir='ltr'><strong>Suntetiam</strong></span> <span class='ocrx_word' id='word_1_278' title='bbox 1479 2156 1579 2223; x_wconf 88' lang='lat' dir='ltr'><strong>equites</strong></span> <span class='ocrx_word' id='word_1_279' title='bbox 1590 2156 1723 2207; x_wconf 80' lang='lat' dir='ltr'><strong>exercitati</strong></span> <span class='ocrx_word' id='word_1_280' title='bbox 1738 2166 1764 2207; x_wconf 91' lang='lat' dir='ltr'><strong>et</strong></span> <span class='ocrx_word' id='word_1_281' title='bbox 1772 2156 1878 2226; x_wconf 83' lang='lat' dir='ltr'><strong>jacula-</strong></span> 
     </span>
     <span class='ocr_line' id='line_1_21' title="bbox 257 2228 1933 2311; baseline 0.007 -28"><span class='ocrx_word' id='word_1_282' title='bbox 257 2229 409 2287; x_wconf 84' lang='grc' dir='ltr'>ἀκοντισταὶ</span> <span class='ocrx_word' id='word_1_283' title='bbox 427 2230 473 2287; x_wconf 85' lang='grc' dir='ltr'><strong>καὶ</strong></span> <span class='ocrx_word' id='word_1_284' title='bbox 486 2228 601 2305; x_wconf 80' lang='grc' dir='ltr'>τοξόται,</span> <span class='ocrx_word' id='word_1_285' title='bbox 619 2229 665 2287; x_wconf 85' lang='grc' dir='ltr'><strong>καὶ</strong></span> <span class='ocrx_word' id='word_1_286' title='bbox 684 2232 801 2309; x_wconf 81' lang='grc' dir='ltr'>χρῶνται</span> <span class='ocrx_word' id='word_1_287' title='bbox 815 2234 868 2297; x_wconf 87' lang='grc' dir='ltr'>τοῖς</span> <span class='ocrx_word' id='word_1_288' title='bbox 888 2230 975 2311; x_wconf 82' lang='grc' dir='ltr'>βελεσι</span> <span class='ocrx_word' id='word_1_289' title='bbox 993 2254 1040 2289; x_wconf 79' lang='grc' dir='ltr'>πε·</span> <span class='ocrx_word' id='word_1_290' title='bbox 1087 2246 1157 2289; x_wconf 88' lang='lat' dir='ltr'><strong>tores</strong></span> <span class='ocrx_word' id='word_1_291' title='bbox 1169 2248 1195 2289; x_wconf 91' lang='lat' dir='ltr'><strong>et</strong></span> <span class='ocrx_word' id='word_1_292' title='bbox 1204 2238 1343 2306; x_wconf 87' lang='lat' dir='ltr'><strong>sagittarii;</strong></span> <span class='ocrx_word' id='word_1_293' title='bbox 1352 2238 1445 2307; x_wconf 85' lang='lat' dir='ltr'><strong>jaculis</strong></span> <span class='ocrx_word' id='word_1_294' title='bbox 1457 2250 1569 2292; x_wconf 90' lang='lat' dir='ltr'><strong>utuntur</strong></span> <span class='ocrx_word' id='word_1_295' title='bbox 1582 2243 1666 2294; x_wconf 86' lang='lat' dir='ltr'><strong>contis</strong></span> <span class='ocrx_word' id='word_1_296' title='bbox 1674 2242 1785 2294; x_wconf 88' lang='lat' dir='ltr'><strong>adustis.</strong></span> <span class='ocrx_word' id='word_1_297' title='bbox 1801 2243 1880 2295; x_wconf 59' lang='grc' dir='ltr'>ΡΙιπι-</span> <span class='ocrx_word' id='word_1_298' title='bbox 1931 2236 1933 2239; x_wconf 56' lang='grc'><strong>’</strong></span> 
     </span>
     <span class='ocr_line' id='line_1_22' title="bbox 257 2316 1878 2398; baseline 0.005 -25"><span class='ocrx_word' id='word_1_299' title='bbox 257 2316 479 2396; x_wconf 83' lang='grc' dir='ltr'>πυρακτωμένοις.</span> <span class='ocrx_word' id='word_1_300' title='bbox 522 2321 558 2377; x_wconf 84' lang='grc' dir='ltr'><strong>Οἱ</strong></span> <span class='ocrx_word' id='word_1_301' title='bbox 576 2319 604 2376; x_wconf 81' lang='grc' dir='ltr'><strong>δὲ</strong></span> <span class='ocrx_word' id='word_1_302' title='bbox 623 2316 746 2385; x_wconf 87' lang='grc' dir='ltr'>Φοίνικες</span> <span class='ocrx_word' id='word_1_303' title='bbox 766 2317 877 2398; x_wconf 84' lang='grc' dir='ltr'>ἔμποροι</span> <span class='ocrx_word' id='word_1_304' title='bbox 892 2318 1040 2397; x_wconf 77' lang='grc' dir='ltr'>εἰσάγουσιν</span> <span class='ocrx_word' id='word_1_305' title='bbox 1086 2324 1157 2376; x_wconf 90' lang='lat' dir='ltr'><strong>nices</strong></span> <span class='ocrx_word' id='word_1_306' title='bbox 1181 2335 1269 2377; x_wconf 85' lang='lat' dir='ltr'><strong>autern</strong></span> <span class='ocrx_word' id='word_1_307' title='bbox 1292 2335 1449 2377; x_wconf 82' lang='lat' dir='ltr'><strong>mercatores</strong></span> <span class='ocrx_word' id='word_1_308' title='bbox 1470 2325 1613 2396; x_wconf 80' lang='lat' dir='ltr'><strong>important</strong></span> <span class='ocrx_word' id='word_1_309' title='bbox 1634 2328 1666 2379; x_wconf 89' lang='lat' dir='ltr'><strong>iis</strong></span> <span class='ocrx_word' id='word_1_310' title='bbox 1689 2340 1878 2395; x_wconf 81' lang='lat' dir='ltr'><strong>unguentum,</strong></span> 
     </span>
     <span class='ocr_line' id='line_1_23' title="bbox 257 2405 1878 2487; baseline 0.004 -25"><span class='ocrx_word' id='word_1_311' title='bbox 257 2406 344 2471; x_wconf 81' lang='grc' dir='ltr'>αὐτοῖς</span> <span class='ocrx_word' id='word_1_312' title='bbox 365 2405 457 2485; x_wconf 83' lang='grc' dir='ltr'>μόρον,</span> <span class='ocrx_word' id='word_1_313' title='bbox 481 2405 551 2463; x_wconf 92' lang='grc' dir='ltr'>λίθον</span> <span class='ocrx_word' id='word_1_314' title='bbox 572 2406 728 2483; x_wconf 78' lang='grc' dir='ltr'>Αίγυπτίαν,</span> <span class='ocrx_word' id='word_1_315' title='bbox 750 2406 848 2486; x_wconf 87' lang='grc' dir='ltr'>οίπρους</span> <span class='ocrx_word' id='word_1_316' title='bbox 868 2405 1040 2485; x_wconf 82' lang='grc' dir='ltr'>ἰξσρᾶκτους,</span> <span class='ocrx_word' id='word_1_317' title='bbox 1086 2412 1198 2482; x_wconf 78' lang='lat' dir='ltr'><strong>lapidem</strong></span> <span class='ocrx_word' id='word_1_318' title='bbox 1212 2413 1417 2483; x_wconf 44' lang='lat' dir='ltr'><strong>AEgyptium,1**</strong></span> <span class='ocrx_word' id='word_1_319' title='bbox 1431 2413 1518 2483; x_wconf 82' lang='lat' dir='ltr'><strong>figlina</strong></span> <span class='ocrx_word' id='word_1_320' title='bbox 1534 2416 1619 2467; x_wconf 79' lang='lat' dir='ltr'><strong>Attica</strong></span> <span class='ocrx_word' id='word_1_321' title='bbox 1631 2427 1656 2467; x_wconf 94' lang='lat' dir='ltr'><strong>et</strong></span> <span class='ocrx_word' id='word_1_322' title='bbox 1670 2418 1789 2485; x_wconf 75' lang='lat' dir='ltr'><strong>congios.</strong></span> <span class='ocrx_word' id='word_1_323' title='bbox 1810 2418 1878 2487; x_wconf 76' lang='lat' dir='ltr'><strong>(rt-</strong></span> 
     </span>
     <span class='ocr_line' id='line_1_24' title="bbox 209 2493 1879 2577; baseline 0.002 -26"><span class='ocrx_word' id='word_1_324' title='bbox 209 2499 212 2506; x_wconf 91' lang='lat'>&#39;</span> <span class='ocrx_word' id='word_1_325' title='bbox 256 2495 371 2573; x_wconf 84' lang='grc' dir='ltr'>κέραμον</span> <span class='ocrx_word' id='word_1_326' title='bbox 389 2494 503 2554; x_wconf 76' lang='grc' dir='ltr'>Ἀττικὸν</span> <span class='ocrx_word' id='word_1_327' title='bbox 515 2494 561 2553; x_wconf 86' lang='grc' dir='ltr'><strong>καί</strong></span> <span class='ocrx_word' id='word_1_328' title='bbox 581 2502 661 2575; x_wconf 78' lang='grc' dir='ltr'>χοῦς·</span> <span class='ocrx_word' id='word_1_329' title='bbox 683 2494 717 2553; x_wconf 74' lang='lat' dir='ltr'><strong>rb</strong></span> <span class='ocrx_word' id='word_1_330' title='bbox 729 2493 781 2577; x_wconf 88' lang='grc' dir='ltr'>γιὶρ</span> <span class='ocrx_word' id='word_1_331' title='bbox 800 2495 948 2572; x_wconf 77' lang='grc' dir='ltr'>πλάσματά</span> <span class='ocrx_word' id='word_1_332' title='bbox 969 2498 1039 2554; x_wconf 81' lang='grc' dir='ltr'>ἐστιν</span> <span class='ocrx_word' id='word_1_333' title='bbox 1085 2498 1154 2551; x_wconf 86' lang='lat' dir='ltr'><strong>ctilia</strong></span> <span class='ocrx_word' id='word_1_334' title='bbox 1165 2498 1207 2551; x_wconf 81' lang='lat' dir='ltr'><strong>illa</strong></span> <span class='ocrx_word' id='word_1_335' title='bbox 1219 2517 1278 2551; x_wconf 88' lang='lat' dir='ltr'><strong>vasa</strong></span> <span class='ocrx_word' id='word_1_336' title='bbox 1290 2500 1317 2551; x_wconf 95' lang='lat' dir='ltr'><strong>in</strong></span> <span class='ocrx_word' id='word_1_337' title='bbox 1329 2500 1491 2569; x_wconf 90' lang='lat' dir='ltr'><strong>Congiorum</strong></span> <span class='ocrx_word' id='word_1_338' title='bbox 1502 2500 1568 2553; x_wconf 87' lang='lat' dir='ltr'><strong>sesto</strong></span> <span class='ocrx_word' id='word_1_339' title='bbox 1580 2501 1678 2555; x_wconf 82' lang='lat' dir='ltr'><strong>venalia</strong></span> <span class='ocrx_word' id='word_1_340' title='bbox 1689 2513 1752 2555; x_wconf 90' lang='lat' dir='ltr'><strong>sunt</strong></span> <span class='ocrx_word' id='word_1_341' title='bbox 1761 2502 1783 2574; x_wconf 89' lang='lat'><strong>).</strong></span> <span class='ocrx_word' id='word_1_342' title='bbox 1800 2505 1879 2555; x_wconf 69' lang='lat' dir='ltr'><strong>(kete-</strong></span> 
     </span>
     <span class='ocr_line' id='line_1_25' title="bbox 256 2582 1880 2664; baseline 0.001 -25"><span class='ocrx_word' id='word_1_343' title='bbox 256 2582 322 2640; x_wconf 80' lang='grc' dir='ltr'>ὤνια</span> <span class='ocrx_word' id='word_1_344' title='bbox 343 2584 368 2640; x_wconf 81' lang='grc' dir='ltr'><strong>ἕν</strong></span> <span class='ocrx_word' id='word_1_345' title='bbox 390 2586 443 2650; x_wconf 81' lang='grc' dir='ltr'>τοῖς</span> <span class='ocrx_word' id='word_1_346' title='bbox 459 2582 544 2643; x_wconf 81' lang='grc' dir='ltr'>Χουσὶ</span> <span class='ocrx_word' id='word_1_347' title='bbox 563 2586 697 2664; x_wconf 78' lang='grc' dir='ltr'>τῇέορτῇ.</span> <span class='ocrx_word' id='word_1_348' title='bbox 739 2582 803 2643; x_wconf 85' lang='grc' dir='ltr'>Εἰσὶ</span> <span class='ocrx_word' id='word_1_349' title='bbox 825 2583 852 2641; x_wconf 81' lang='grc' dir='ltr'><strong>δὲ</strong></span> <span class='ocrx_word' id='word_1_350' title='bbox 874 2586 898 2642; x_wconf 84' lang='grc' dir='ltr'><strong>οἱ</strong></span> <span class='ocrx_word' id='word_1_351' title='bbox 916 2584 1041 2651; x_wconf 85' lang='grc' dir='ltr'>Αἰθίοπες</span> <span class='ocrx_word' id='word_1_352' title='bbox 1085 2603 1145 2637; x_wconf 89' lang='lat' dir='ltr'><strong>rum</strong></span> <span class='ocrx_word' id='word_1_353' title='bbox 1157 2584 1781 2659; x_wconf 77' lang='lat' dir='ltr'><strong>AEtbiopesillicarnerescuntur,etlacpotant;</strong></span> <span class='ocrx_word' id='word_1_354' title='bbox 1795 2608 1880 2661; x_wconf 88' lang='lat' dir='ltr'><strong>porro</strong></span> 
     </span>
     <span class='ocr_line' id='line_1_26' title="bbox 256 2662 1881 2750; baseline -0.001 -21"><span class='ocrx_word' id='word_1_355' title='bbox 256 2662 327 2729; x_wconf 68' lang='grc' dir='ltr'>οὗτοι</span> <span class='ocrx_word' id='word_1_356' title='bbox 341 2670 498 2750; x_wconf 82' lang='grc' dir='ltr'>κρεοφάγοι,</span> <span class='ocrx_word' id='word_1_357' title='bbox 509 2672 722 2748; x_wconf 79' lang='grc' dir='ltr'>γαλακτοπόται,</span> <span class='ocrx_word' id='word_1_358' title='bbox 736 2662 804 2730; x_wconf 76' lang='grc' dir='ltr'>οἶνον</span> <span class='ocrx_word' id='word_1_359' title='bbox 824 2669 851 2729; x_wconf 82' lang='grc' dir='ltr'><strong>δὲ</strong></span> <span class='ocrx_word' id='word_1_360' title='bbox 873 2677 976 2730; x_wconf 80' lang='grc' dir='ltr'>ποιοῦσι</span> <span class='ocrx_word' id='word_1_361' title='bbox 992 2694 1041 2730; x_wconf 84' lang='grc' dir='ltr'><strong>πο·</strong></span> <span class='ocrx_word' id='word_1_362' title='bbox 1086 2672 1176 2724; x_wconf 82' lang='lat' dir='ltr'><strong>vinum</strong></span> <span class='ocrx_word' id='word_1_363' title='bbox 1191 2690 1206 2723; x_wconf 83' lang='lat' dir='ltr'><strong>e</strong></span> <span class='ocrx_word' id='word_1_364' title='bbox 1222 2672 1319 2724; x_wconf 82' lang='lat' dir='ltr'><strong>vitibus</strong></span> <span class='ocrx_word' id='word_1_365' title='bbox 1334 2672 1445 2725; x_wconf 84' lang='lat' dir='ltr'><strong>multum</strong></span> <span class='ocrx_word' id='word_1_366' title='bbox 1460 2673 1605 2727; x_wconf 79' lang='lat' dir='ltr'><strong>conficiunt</strong></span> <span class='ocrx_word' id='word_1_367' title='bbox 1621 2674 1693 2745; x_wconf 92' lang='lat' dir='ltr'><strong>quod</strong></span> <span class='ocrx_word' id='word_1_368' title='bbox 1708 2676 1796 2745; x_wconf 89' lang='lat' dir='ltr'><strong>ipsum</strong></span> <span class='ocrx_word' id='word_1_369' title='bbox 1811 2694 1881 2746; x_wconf 89' lang='lat' dir='ltr'><strong>quo-</strong></span> 
     </span>
     <span class='ocr_line' id='line_1_27' title="bbox 255 2756 1879 2833; baseline -0.001 -16"><span class='ocrx_word' id='word_1_370' title='bbox 255 2759 302 2817; x_wconf 81' lang='grc' dir='ltr'>λίιν</span> <span class='ocrx_word' id='word_1_371' title='bbox 327 2757 379 2817; x_wconf 82' lang='grc' dir='ltr'><strong>ἀπὸ</strong></span> <span class='ocrx_word' id='word_1_372' title='bbox 405 2756 547 2833; x_wconf 83' lang='grc' dir='ltr'>ἀμπέλων·</span> <span class='ocrx_word' id='word_1_373' title='bbox 572 2758 616 2817; x_wconf 82' lang='grc' dir='ltr'><strong>τὸν</strong></span> <span class='ocrx_word' id='word_1_374' title='bbox 640 2759 667 2817; x_wconf 78' lang='grc' dir='ltr'><strong>δὲ</strong></span> <span class='ocrx_word' id='word_1_375' title='bbox 689 2759 735 2817; x_wconf 86' lang='grc' dir='ltr'><strong>καὶ</strong></span> <span class='ocrx_word' id='word_1_376' title='bbox 770 2758 846 2817; x_wconf 80' lang='grc' dir='ltr'>αὐτὸν</span> <span class='ocrx_word' id='word_1_377' title='bbox 867 2761 891 2817; x_wconf 81' lang='grc' dir='ltr'><strong>οἱ</strong></span> <span class='ocrx_word' id='word_1_378' title='bbox 914 2759 1040 2827; x_wconf 81' lang='grc' dir='ltr'>Φοίνικες</span> <span class='ocrx_word' id='word_1_379' title='bbox 1086 2776 1138 2830; x_wconf 91' lang='lat' dir='ltr'><strong>que</strong></span> <span class='ocrx_word' id='word_1_380' title='bbox 1149 2759 1285 2812; x_wconf 87' lang='lat' dir='ltr'><strong>Phoenices</strong></span> <span class='ocrx_word' id='word_1_381' title='bbox 1299 2760 1361 2812; x_wconf 91' lang='lat' dir='ltr'><strong>inde</strong></span> <span class='ocrx_word' id='word_1_382' title='bbox 1381 2770 1529 2831; x_wconf 81' lang='lat' dir='ltr'><strong>exportant.</strong></span> <span class='ocrx_word' id='word_1_383' title='bbox 1568 2763 1615 2815; x_wconf 88' lang='lat' dir='ltr'><strong>Est</strong></span> <span class='ocrx_word' id='word_1_384' title='bbox 1636 2763 1667 2815; x_wconf 87' lang='lat' dir='ltr'><strong>iis</strong></span> <span class='ocrx_word' id='word_1_385' title='bbox 1687 2762 1767 2815; x_wconf 90' lang='lat' dir='ltr'><strong>etiam</strong></span> <span class='ocrx_word' id='word_1_386' title='bbox 1785 2764 1879 2815; x_wconf 84' lang='lat' dir='ltr'><strong>civitas</strong></span> 
     </span>
    </p>
   </div>
   <div class='ocr_carea' id='block_1_3' title="bbox 256 3013 1879 3167">
    <p class='ocr_par' dir='ltr' id='par_1_3' title="bbox 256 3013 1879 3167">
     <span class='ocr_line' id='line_1_28' title="bbox 256 3013 1879 3088; baseline -0.001 -19"><span class='ocrx_word' id='word_1_387' title='bbox 256 3022 304 3069; x_wconf 81' lang='grc' dir='ltr'><strong>τῶν</strong></span> <span class='ocrx_word' id='word_1_388' title='bbox 320 3016 363 3086; x_wconf 84' lang='grc' dir='ltr'><strong>μὶν</strong></span> <span class='ocrx_word' id='word_1_389' title='bbox 377 3015 405 3068; x_wconf 78' lang='grc' dir='ltr'><strong>τὸ</strong></span> <span class='ocrx_word' id='word_1_390' title='bbox 418 3013 537 3086; x_wconf 83' lang='grc' dir='ltr'>ἔμπυρον,</span> <span class='ocrx_word' id='word_1_391' title='bbox 552 3021 601 3069; x_wconf 79' lang='grc' dir='ltr'><strong>τῶν</strong></span> <span class='ocrx_word' id='word_1_392' title='bbox 615 3015 642 3068; x_wconf 80' lang='grc' dir='ltr'><strong>δὲ</strong></span> <span class='ocrx_word' id='word_1_393' title='bbox 652 3015 681 3068; x_wconf 78' lang='lat' dir='ltr'><strong>rb</strong></span> <span class='ocrx_word' id='word_1_394' title='bbox 692 3015 786 3087; x_wconf 75' lang='grc' dir='ltr'>ψυχρόν</span> <span class='ocrx_word' id='word_1_395' title='bbox 797 3015 839 3068; x_wconf 88' lang='grc' dir='ltr'><strong>καὶ</strong></span> <span class='ocrx_word' id='word_1_396' title='bbox 851 3016 1010 3086; x_wconf 80' lang='grc' dir='ltr'>διαπεπηγθς.</span> <span class='ocrx_word' id='word_1_397' title='bbox 1030 3037 1040 3064; x_wconf 86' lang='grc' dir='ltr'><strong>ν</strong></span> <span class='ocrx_word' id='word_1_398' title='bbox 1089 3015 1139 3079; x_wconf 90' lang='grc' dir='ltr'><strong>ΠΙ,</strong></span> <span class='ocrx_word' id='word_1_399' title='bbox 1158 3032 1192 3068; x_wconf 79' lang='lat'><strong>20</strong></span> <span class='ocrx_word' id='word_1_400' title='bbox 1203 3013 1236 3068; x_wconf 90' lang='lat' dir='ltr'><strong>de</strong></span> <span class='ocrx_word' id='word_1_401' title='bbox 1248 3013 1415 3087; x_wconf 82' lang='lat' dir='ltr'><strong>AEthiopibus</strong></span> <span class='ocrx_word' id='word_1_402' title='bbox 1428 3015 1630 3087; x_wconf 77' lang='lat' dir='ltr'><strong>Ichthyophagis</strong></span> <span class='ocrx_word' id='word_1_403' title='bbox 1644 3033 1649 3068; x_wconf 93' lang='lat'>:</span> <span class='ocrx_word' id='word_1_404' title='bbox 1672 3017 1793 3088; x_wconf 84' lang='grc' dir='ltr'>Λέγονται</span> <span class='ocrx_word' id='word_1_405' title='bbox 1811 3015 1879 3070; x_wconf 79' lang='grc' dir='ltr'>εἶναι</span> 
     </span>
     <span class='ocr_line' id='line_1_29' title="bbox 256 3094 1879 3167; baseline 0.003 -23"><span class='ocrx_word' id='word_1_406' title='bbox 256 3098 382 3148; x_wconf 76' lang='lat' dir='ltr'><strong>Vossius.</strong></span> <span class='ocrx_word' id='word_1_407' title='bbox 402 3095 412 3163; x_wconf 82' lang='grc' dir='ltr'><strong>ΙΙ</strong></span> <span class='ocrx_word' id='word_1_408' title='bbox 432 3124 468 3134; x_wconf 92' lang='grc'><strong>-</strong></span> <span class='ocrx_word' id='word_1_409' title='bbox 490 3094 559 3147; x_wconf 80' lang='grc' dir='ltr'>ἔστι</span> <span class='ocrx_word' id='word_1_410' title='bbox 580 3094 612 3147; x_wconf 82' lang='grc' dir='ltr'><strong>δὲ</strong></span> <span class='ocrx_word' id='word_1_411' title='bbox 634 3094 670 3147; x_wconf 85' lang='grc' dir='ltr'><strong>τί)</strong></span> <span class='ocrx_word' id='word_1_412' title='bbox 688 3099 780 3165; x_wconf 83' lang='grc' dir='ltr'>φῦκος</span> <span class='ocrx_word' id='word_1_413' title='bbox 792 3095 880 3166; x_wconf 82' lang='grc' dir='ltr'>κτλ]</span> <span class='ocrx_word' id='word_1_414' title='bbox 897 3094 939 3148; x_wconf 82' lang='lat' dir='ltr'><strong>Cf.</strong></span> <span class='ocrx_word' id='word_1_415' title='bbox 957 3097 1044 3148; x_wconf 87' lang='lat' dir='ltr'><strong>Theo·</strong></span> <span class='ocrx_word' id='word_1_416' title='bbox 1090 3095 1201 3166; x_wconf 76' lang='grc' dir='ltr'>μέγιστοι</span> <span class='ocrx_word' id='word_1_417' title='bbox 1215 3096 1256 3147; x_wconf 90' lang='grc' dir='ltr'><strong>καὶ</strong></span> <span class='ocrx_word' id='word_1_418' title='bbox 1267 3095 1397 3148; x_wconf 83' lang='grc' dir='ltr'>κάλλιστοι</span> <span class='ocrx_word' id='word_1_419' title='bbox 1412 3095 1547 3166; x_wconf 84' lang='grc' dir='ltr'>ἀνθρώπων</span> <span class='ocrx_word' id='word_1_420' title='bbox 1562 3097 1669 3154; x_wconf 80' lang='grc' dir='ltr'>πάντων·</span> <span class='ocrx_word' id='word_1_421' title='bbox 1685 3097 1784 3167; x_wconf 87' lang='grc' dir='ltr'>νόμοισι</span> <span class='ocrx_word' id='word_1_422' title='bbox 1799 3097 1879 3150; x_wconf 76' lang='grc' dir='ltr'>δὲκαὶ</span> 
     </span>
    </p>
   </div>
   <div class='ocr_carea' id='block_1_4' title="bbox 178 3173 1879 3246">
    <p class='ocr_par' dir='ltr' id='par_1_4' title="bbox 178 3173 1879 3246">
     <span class='ocr_line' id='line_1_30' title="bbox 178 3173 1879 3246; baseline 0.001 -20"><span class='ocrx_word' id='word_1_423' title='bbox 178 3206 183 3217; x_wconf 90' lang='lat'><strong>·</strong></span> <span class='ocrx_word' id='word_1_424' title='bbox 255 3175 355 3245; x_wconf 83' lang='lat' dir='ltr'><strong>pbrast.</strong></span> <span class='ocrx_word' id='word_1_425' title='bbox 376 3176 445 3229; x_wconf 80' lang='lat' dir='ltr'><strong>Hist.</strong></span> <span class='ocrx_word' id='word_1_426' title='bbox 459 3174 542 3245; x_wconf 79' lang='lat' dir='ltr'><strong>plant.</strong></span> <span class='ocrx_word' id='word_1_427' title='bbox 559 3177 636 3245; x_wconf 86' lang='lat' dir='ltr'><strong>IV,7</strong></span> <span class='ocrx_word' id='word_1_428' title='bbox 657 3193 663 3228; x_wconf 70' lang='grc' dir='ltr'>ε</span> <span class='ocrx_word' id='word_1_429' title='bbox 682 3175 778 3228; x_wconf 83' lang='grc' dir='ltr'>Γίνεται</span> <span class='ocrx_word' id='word_1_430' title='bbox 791 3174 817 3227; x_wconf 78' lang='grc' dir='ltr'><strong>δὲ</strong></span> <span class='ocrx_word' id='word_1_431' title='bbox 837 3175 886 3244; x_wconf 80' lang='grc' dir='ltr'><strong>(πθ</strong></span> <span class='ocrx_word' id='word_1_432' title='bbox 904 3179 999 3246; x_wconf 84' lang='grc' dir='ltr'>φῦκος)</span> <span class='ocrx_word' id='word_1_433' title='bbox 1015 3173 1041 3227; x_wconf 82' lang='grc' dir='ltr'><strong>ἔν</strong></span> <span class='ocrx_word' id='word_1_434' title='bbox 1089 3173 1299 3245; x_wconf 74' lang='grc' dir='ltr'>ἄλλοισιχρσῖσθαι</span> <span class='ocrx_word' id='word_1_435' title='bbox 1311 3173 1665 3246; x_wconf 74' lang='grc' dir='ltr'>αιίτοθςφασικεχωρισμένοισι</span> <span class='ocrx_word' id='word_1_436' title='bbox 1675 3181 1723 3228; x_wconf 82' lang='grc' dir='ltr'><strong>τῶν</strong></span> <span class='ocrx_word' id='word_1_437' title='bbox 1734 3175 1823 3228; x_wconf 83' lang='grc' dir='ltr'>ἀλλων</span> <span class='ocrx_word' id='word_1_438' title='bbox 1837 3177 1879 3228; x_wconf 81' lang='grc' dir='ltr'>ἀν-</span> 
     </span>
    </p>
   </div>
   <div class='ocr_carea' id='block_1_5' title="bbox 253 3251 1879 3645">
    <p class='ocr_par' dir='ltr' id='par_1_5' title="bbox 253 3251 1879 3645">
     <span class='ocr_line' id='line_1_31' title="bbox 256 3251 1879 3326; baseline 0.001 -20"><span class='ocrx_word' id='word_1_439' title='bbox 256 3253 300 3324; x_wconf 81' lang='grc' dir='ltr'><strong>μὶν</strong></span> <span class='ocrx_word' id='word_1_440' title='bbox 318 3259 349 3326; x_wconf 81' lang='grc' dir='ltr'><strong>τῇ</strong></span> <span class='ocrx_word' id='word_1_441' title='bbox 367 3253 413 3315; x_wconf 75' lang='grc' dir='ltr'><strong>ἔξω</strong></span> <span class='ocrx_word' id='word_1_442' title='bbox 427 3256 459 3325; x_wconf 84' lang='grc' dir='ltr'><strong>τῇ</strong></span> <span class='ocrx_word' id='word_1_443' title='bbox 481 3255 535 3324; x_wconf 86' lang='grc' dir='ltr'>περὶ</span> <span class='ocrx_word' id='word_1_444' title='bbox 555 3251 700 3324; x_wconf 78' lang='grc' dir='ltr'>Ἡρακλείας</span> <span class='ocrx_word' id='word_1_445' title='bbox 714 3254 804 3320; x_wconf 72' lang='grc' dir='ltr'>στήλας</span> <span class='ocrx_word' id='word_1_446' title='bbox 818 3255 957 3324; x_wconf 87' lang='grc' dir='ltr'>θαυμαστόν</span> <span class='ocrx_word' id='word_1_447' title='bbox 976 3274 1000 3306; x_wconf 88' lang='grc' dir='ltr'><strong>τι</strong></span> <span class='ocrx_word' id='word_1_448' title='bbox 1014 3255 1043 3307; x_wconf 72' lang='grc' dir='ltr'><strong>τί)</strong></span> <span class='ocrx_word' id='word_1_449' title='bbox 1090 3252 1203 3323; x_wconf 85' lang='grc' dir='ltr'>θρώπων,</span> <span class='ocrx_word' id='word_1_450' title='bbox 1215 3254 1256 3306; x_wconf 89' lang='grc' dir='ltr'><strong>καὶ</strong></span> <span class='ocrx_word' id='word_1_451' title='bbox 1267 3252 1296 3320; x_wconf 76' lang='grc' dir='ltr'><strong>δὴ</strong></span> <span class='ocrx_word' id='word_1_452' title='bbox 1307 3253 1469 3320; x_wconf 81' lang='grc' dir='ltr'>καὶκατὰτὴν</span> <span class='ocrx_word' id='word_1_453' title='bbox 1480 3255 1609 3326; x_wconf 85' lang='grc' dir='ltr'>βασιληίην</span> <span class='ocrx_word' id='word_1_454' title='bbox 1620 3257 1726 3326; x_wconf 82' lang='grc' dir='ltr'>τοιῷδε·</span> <span class='ocrx_word' id='word_1_455' title='bbox 1742 3256 1879 3309; x_wconf 77' lang='grc' dir='ltr'>τθνᾶντῶν</span> 
     </span>
     <span class='ocr_line' id='line_1_32' title="bbox 256 3329 1878 3406; baseline 0.001 -20"><span class='ocrx_word' id='word_1_456' title='bbox 256 3335 367 3404; x_wconf 79' lang='grc' dir='ltr'>μέγεθος,</span> <span class='ocrx_word' id='word_1_457' title='bbox 379 3335 413 3395; x_wconf 77' lang='grc' dir='ltr'><strong>ὣς</strong></span> <span class='ocrx_word' id='word_1_458' title='bbox 421 3351 491 3404; x_wconf 82' lang='grc' dir='ltr'>φασι,</span> <span class='ocrx_word' id='word_1_459' title='bbox 506 3333 548 3386; x_wconf 91' lang='grc' dir='ltr'><strong>καὶ</strong></span> <span class='ocrx_word' id='word_1_460' title='bbox 559 3334 588 3387; x_wconf 75' lang='grc' dir='ltr'>τί</span> <span class='ocrx_word' id='word_1_461' title='bbox 602 3333 694 3396; x_wconf 83' lang='grc' dir='ltr'>πλάτος</span> <span class='ocrx_word' id='word_1_462' title='bbox 707 3335 793 3406; x_wconf 74' lang='grc' dir='ltr'>μεῖζον</span> <span class='ocrx_word' id='word_1_463' title='bbox 812 3333 845 3395; x_wconf 85' lang='grc' dir='ltr'><strong>ὡς</strong></span> <span class='ocrx_word' id='word_1_464' title='bbox 856 3334 1041 3388; x_wconf 83' lang='grc' dir='ltr'>παλαιστιαῖον.</span> <span class='ocrx_word' id='word_1_465' title='bbox 1089 3329 1169 3386; x_wconf 87' lang='grc' dir='ltr'>ἀστῶν</span> <span class='ocrx_word' id='word_1_466' title='bbox 1182 3335 1282 3404; x_wconf 82' lang='grc' dir='ltr'>κρίνωσι</span> <span class='ocrx_word' id='word_1_467' title='bbox 1293 3335 1407 3406; x_wconf 80' lang='grc' dir='ltr'>μέγιστόν</span> <span class='ocrx_word' id='word_1_468' title='bbox 1422 3353 1448 3386; x_wconf 88' lang='grc' dir='ltr'>τε</span> <span class='ocrx_word' id='word_1_469' title='bbox 1461 3329 1574 3386; x_wconf 72' lang='grc' dir='ltr'>εἶναικαὶ</span> <span class='ocrx_word' id='word_1_470' title='bbox 1584 3333 1646 3386; x_wconf 72' lang='grc' dir='ltr'>κατὰ</span> <span class='ocrx_word' id='word_1_471' title='bbox 1657 3333 1685 3386; x_wconf 76' lang='grc' dir='ltr'><strong>τὸ</strong></span> <span class='ocrx_word' id='word_1_472' title='bbox 1696 3335 1801 3404; x_wconf 72' lang='grc' dir='ltr'>μέγεθος</span> <span class='ocrx_word' id='word_1_473' title='bbox 1811 3335 1878 3405; x_wconf 73' lang='grc' dir='ltr'>ἔχειν</span> 
     </span>
     <span class='ocr_line' id='line_1_33' title="bbox 254 3409 1879 3486; baseline -0.001 -20"><span class='ocrx_word' id='word_1_474' title='bbox 254 3413 296 3466; x_wconf 85' lang='lat' dir='ltr'><strong>Cl.</strong></span> <span class='ocrx_word' id='word_1_475' title='bbox 310 3415 411 3466; x_wconf 86' lang='lat' dir='ltr'><strong>Heeren</strong></span> <span class='ocrx_word' id='word_1_476' title='bbox 426 3411 501 3465; x_wconf 83' lang='lat' dir='ltr'><strong>Idcen</strong></span> <span class='ocrx_word' id='word_1_477' title='bbox 514 3416 552 3478; x_wconf 93' lang='grc' dir='ltr'><strong>ΙΙ,</strong></span> <span class='ocrx_word' id='word_1_478' title='bbox 569 3431 593 3477; x_wconf 89' lang='lat'><strong>1,</strong></span> <span class='ocrx_word' id='word_1_479' title='bbox 606 3432 634 3484; x_wconf 93' lang='lat' dir='ltr'><strong>p.</strong></span> <span class='ocrx_word' id='word_1_480' title='bbox 650 3415 709 3467; x_wconf 80' lang='lat'><strong>183.</strong></span> <span class='ocrx_word' id='word_1_481' title='bbox 725 3415 736 3482; x_wconf 79' lang='lat' dir='ltr'>ss</span> <span class='ocrx_word' id='word_1_482' title='bbox 746 3415 928 3484; x_wconf 81' lang='grc' dir='ltr'>-δοχμῆς]</span> <span class='ocrx_word' id='word_1_483' title='bbox 943 3414 1043 3486; x_wconf 78' lang='grc' dir='ltr'>λοχμῆς</span> <span class='ocrx_word' id='word_1_484' title='bbox 1087 3409 1132 3477; x_wconf 79' lang='grc' dir='ltr'><strong>τὴν</strong></span> <span class='ocrx_word' id='word_1_485' title='bbox 1148 3411 1230 3483; x_wconf 52' lang='lat' dir='ltr'><strong>logias,</strong></span> <span class='ocrx_word' id='word_1_486' title='bbox 1243 3416 1330 3465; x_wconf 83' lang='grc' dir='ltr'>τοῦτον</span> <span class='ocrx_word' id='word_1_487' title='bbox 1343 3412 1435 3475; x_wconf 78' lang='grc' dir='ltr'>ἀξιοῦσι</span> <span class='ocrx_word' id='word_1_488' title='bbox 1450 3411 1595 3483; x_wconf 75' lang='grc' dir='ltr'>βασιλεύειν.</span> <span class='ocrx_word' id='word_1_489' title='bbox 1611 3412 1653 3466; x_wconf 87' lang='grc' dir='ltr'>Ιιί.</span> <span class='ocrx_word' id='word_1_490' title='bbox 1671 3431 1695 3465; x_wconf 93' lang='lat' dir='ltr'><strong>c.</strong></span> <span class='ocrx_word' id='word_1_491' title='bbox 1708 3414 1742 3464; x_wconf 81' lang='lat'><strong>23</strong></span> <span class='ocrx_word' id='word_1_492' title='bbox 1759 3431 1765 3465; x_wconf 94' lang='lat'><strong>:</strong></span> <span class='ocrx_word' id='word_1_493' title='bbox 1781 3415 1879 3481; x_wconf 79' lang='grc' dir='ltr'>σίτησιν</span> 
     </span>
     <span class='ocr_line' id='line_1_34' title="bbox 253 3491 1876 3564; baseline 0.002 -20"><span class='ocrx_word' id='word_1_494' title='bbox 253 3491 326 3558; x_wconf 87' lang='lat' dir='ltr'><strong>cod.;</strong></span> <span class='ocrx_word' id='word_1_495' title='bbox 341 3511 394 3545; x_wconf 92' lang='lat' dir='ltr'><strong>em.</strong></span> <span class='ocrx_word' id='word_1_496' title='bbox 413 3491 501 3556; x_wconf 87' lang='lat' dir='ltr'><strong>editt.;</strong></span> <span class='ocrx_word' id='word_1_497' title='bbox 516 3493 545 3544; x_wconf 79' lang='grc' dir='ltr'><strong>τθ</strong></span> <span class='ocrx_word' id='word_1_498' title='bbox 559 3493 651 3554; x_wconf 80' lang='grc' dir='ltr'>πλάτος</span> <span class='ocrx_word' id='word_1_499' title='bbox 668 3511 827 3564; x_wconf 86' lang='lat' dir='ltr'><strong>om.apegr.</strong></span> <span class='ocrx_word' id='word_1_500' title='bbox 843 3495 964 3547; x_wconf 82' lang='lat' dir='ltr'><strong>Vatican.</strong></span> <span class='ocrx_word' id='word_1_501' title='bbox 983 3496 1043 3562; x_wconf 75' lang='grc' dir='ltr'><strong>ΙΙ-</strong></span> <span class='ocrx_word' id='word_1_502' title='bbox 1087 3491 1113 3546; x_wconf 81' lang='grc' dir='ltr'><strong>δὲ</strong></span> <span class='ocrx_word' id='word_1_503' title='bbox 1133 3491 1199 3546; x_wconf 78' lang='grc' dir='ltr'>εἶναι</span> <span class='ocrx_word' id='word_1_504' title='bbox 1212 3493 1269 3564; x_wconf 81' lang='grc' dir='ltr'>κρία</span> <span class='ocrx_word' id='word_1_505' title='bbox 1283 3513 1309 3545; x_wconf 92' lang='grc' dir='ltr'>τε</span> <span class='ocrx_word' id='word_1_506' title='bbox 1328 3491 1404 3563; x_wconf 76' lang='grc' dir='ltr'>ἑφθὰ,</span> <span class='ocrx_word' id='word_1_507' title='bbox 1427 3493 1469 3545; x_wconf 88' lang='grc' dir='ltr'><strong>καὶ</strong></span> <span class='ocrx_word' id='word_1_508' title='bbox 1489 3493 1557 3563; x_wconf 83' lang='grc' dir='ltr'>πόμα</span> <span class='ocrx_word' id='word_1_509' title='bbox 1580 3491 1657 3564; x_wconf 82' lang='grc' dir='ltr'>γάλα.</span> <span class='ocrx_word' id='word_1_510' title='bbox 1676 3491 1717 3545; x_wconf 88' lang='lat' dir='ltr'><strong>Cl.</strong></span> <span class='ocrx_word' id='word_1_511' title='bbox 1743 3495 1876 3559; x_wconf 69' lang='lat'><strong>111,114.</strong></span> 
     </span>
     <span class='ocr_line' id='line_1_35' title="bbox 253 3569 1878 3645; baseline 0.002 -23"><span class='ocrx_word' id='word_1_512' title='bbox 253 3572 423 3640; x_wconf 82' lang='grc' dir='ltr'>Φοίνικες]</span> <span class='ocrx_word' id='word_1_513' title='bbox 437 3571 665 3641; x_wconf 70' lang='lat' dir='ltr'><strong>Carthaginienses</strong></span> <span class='ocrx_word' id='word_1_514' title='bbox 678 3582 753 3642; x_wconf 86' lang='lat' dir='ltr'><strong>puta.</strong></span> <span class='ocrx_word' id='word_1_515' title='bbox 769 3574 781 3641; x_wconf 81' lang='grc' dir='ltr'><strong>ΙΙ</strong></span> <span class='ocrx_word' id='word_1_516' title='bbox 795 3601 831 3611; x_wconf 91' lang='grc'><strong>-</strong></span> <span class='ocrx_word' id='word_1_517' title='bbox 845 3569 917 3625; x_wconf 63' lang='lat' dir='ltr'><strong>tuta</strong></span> <span class='ocrx_word' id='word_1_518' title='bbox 930 3571 960 3624; x_wconf 73' lang='lat' dir='ltr'><strong>bl</strong></span> <span class='ocrx_word' id='word_1_519' title='bbox 977 3571 1040 3645; x_wconf 80' lang='grc' dir='ltr'><strong>ἀφ]</strong></span> <span class='ocrx_word' id='word_1_520' title='bbox 1087 3575 1155 3636; x_wconf 84' lang='lat' dir='ltr'><strong>VII,</strong></span> <span class='ocrx_word' id='word_1_521' title='bbox 1170 3589 1213 3642; x_wconf 87' lang='lat'><strong>70.</strong></span> <span class='ocrx_word' id='word_1_522' title='bbox 1227 3573 1321 3626; x_wconf 88' lang='lat' dir='ltr'><strong>Eustb.</strong></span> <span class='ocrx_word' id='word_1_523' title='bbox 1334 3571 1368 3624; x_wconf 88' lang='lat' dir='ltr'><strong>ad</strong></span> <span class='ocrx_word' id='word_1_524' title='bbox 1389 3573 1470 3626; x_wconf 90' lang='lat' dir='ltr'><strong>Dion.</strong></span> <span class='ocrx_word' id='word_1_525' title='bbox 1486 3573 1548 3625; x_wconf 81' lang='lat'><strong>213.</strong></span> <span class='ocrx_word' id='word_1_526' title='bbox 1562 3573 1573 3642; x_wconf 83' lang='grc' dir='ltr'><strong>Ι]</strong></span> <span class='ocrx_word' id='word_1_527' title='bbox 1587 3602 1623 3612; x_wconf 91' lang='grc'>-</span> <span class='ocrx_word' id='word_1_528' title='bbox 1636 3577 1878 3642; x_wconf 78' lang='grc' dir='ltr'>πεπυρακτωμέ-</span> 
     </span>
    </p>
   </div>
   <div class='ocr_carea' id='block_1_6' title="bbox 254 3649 1957 3724">
    <p class='ocr_par' dir='ltr' id='par_1_6' title="bbox 254 3649 1957 3724">
     <span class='ocr_line' id='line_1_36' title="bbox 254 3649 1957 3724; baseline -0.001 -19"><span class='ocrx_word' id='word_1_529' title='bbox 254 3651 365 3706; x_wconf 80' lang='grc' dir='ltr'>ίπάνκαί</span> <span class='ocrx_word' id='word_1_530' title='bbox 382 3650 423 3720; x_wconf 87' lang='grc' dir='ltr'><strong>ἀφ.</strong></span> <span class='ocrx_word' id='word_1_531' title='bbox 435 3650 508 3716; x_wconf 88' lang='lat' dir='ltr'><strong>c0d.;</strong></span> <span class='ocrx_word' id='word_1_532' title='bbox 521 3669 574 3704; x_wconf 89' lang='lat' dir='ltr'><strong>em.</strong></span> <span class='ocrx_word' id='word_1_533' title='bbox 585 3653 707 3704; x_wconf 88' lang='lat' dir='ltr'><strong>Huetius.</strong></span> <span class='ocrx_word' id='word_1_534' title='bbox 719 3652 730 3719; x_wconf 78' lang='grc' dir='ltr'><strong>Ι]</strong></span> <span class='ocrx_word' id='word_1_535' title='bbox 741 3651 931 3722; x_wconf 83' lang='grc' dir='ltr'>-γαθλους]</span> <span class='ocrx_word' id='word_1_536' title='bbox 942 3652 1043 3714; x_wconf 81' lang='grc' dir='ltr'>ταίθους</span> <span class='ocrx_word' id='word_1_537' title='bbox 1087 3655 1170 3724; x_wconf 91' lang='grc' dir='ltr'>νοις]</span> <span class='ocrx_word' id='word_1_538' title='bbox 1191 3649 1317 3705; x_wconf 86' lang='lat' dir='ltr'><strong>Herodot.</strong></span> <span class='ocrx_word' id='word_1_539' title='bbox 1334 3653 1401 3715; x_wconf 87' lang='lat' dir='ltr'><strong>VII,</strong></span> <span class='ocrx_word' id='word_1_540' title='bbox 1423 3668 1454 3722; x_wconf 89' lang='lat'><strong>71</strong></span> <span class='ocrx_word' id='word_1_541' title='bbox 1472 3668 1478 3704; x_wconf 90' lang='lat'>:</span> <span class='ocrx_word' id='word_1_542' title='bbox 1495 3651 1580 3712; x_wconf 79' lang='grc' dir='ltr'>Αίόυες</span> <span class='ocrx_word' id='word_1_543' title='bbox 1592 3649 1678 3715; x_wconf 79' lang='grc' dir='ltr'>σκευὴν</span> <span class='ocrx_word' id='word_1_544' title='bbox 1700 3650 1743 3721; x_wconf 74' lang='grc' dir='ltr'><strong>μὲν</strong></span> <span class='ocrx_word' id='word_1_545' title='bbox 1759 3654 1877 3720; x_wconf 70' lang='grc' dir='ltr'>σκυτίνην</span> <span class='ocrx_word' id='word_1_546' title='bbox 1956 3699 1957 3708; x_wconf 70' lang='grc'>,</span> 
     </span>
    </p>
   </div>
   <div class='ocr_carea' id='block_1_7' title="bbox 250 3729 1876 5385">
    <p class='ocr_par' dir='ltr' id='par_1_7' title="bbox 250 3729 1876 5385">
     <span class='ocr_line' id='line_1_37' title="bbox 252 3729 1876 3802; baseline 0 -18"><span class='ocrx_word' id='word_1_547' title='bbox 252 3732 326 3796; x_wconf 85' lang='lat' dir='ltr'><strong>cod.;</strong></span> <span class='ocrx_word' id='word_1_548' title='bbox 339 3749 391 3782; x_wconf 90' lang='lat' dir='ltr'><strong>em.</strong></span> <span class='ocrx_word' id='word_1_549' title='bbox 406 3730 513 3782; x_wconf 83' lang='lat' dir='ltr'><strong>Salmas.</strong></span> <span class='ocrx_word' id='word_1_550' title='bbox 525 3729 567 3784; x_wconf 84' lang='lat' dir='ltr'><strong>Cl.</strong></span> <span class='ocrx_word' id='word_1_551' title='bbox 582 3731 671 3802; x_wconf 89' lang='lat' dir='ltr'><strong>Stepb.</strong></span> <span class='ocrx_word' id='word_1_552' title='bbox 684 3730 813 3782; x_wconf 87' lang='lat' dir='ltr'><strong>Thesaur.</strong></span> <span class='ocrx_word' id='word_1_553' title='bbox 828 3749 850 3783; x_wconf 91' lang='lat' dir='ltr'><strong>s.</strong></span> <span class='ocrx_word' id='word_1_554' title='bbox 867 3749 892 3783; x_wconf 87' lang='grc' dir='ltr'><strong>ν.</strong></span> <span class='ocrx_word' id='word_1_555' title='bbox 912 3756 923 3776; x_wconf 82' lang='grc' dir='ltr'>ι</span> <span class='ocrx_word' id='word_1_556' title='bbox 938 3731 1040 3801; x_wconf 73' lang='lat' dir='ltr'><strong>sepas·</strong></span> <span class='ocrx_word' id='word_1_557' title='bbox 1087 3731 1157 3798; x_wconf 75' lang='grc' dir='ltr'>ἤισαν</span> <span class='ocrx_word' id='word_1_558' title='bbox 1172 3731 1287 3802; x_wconf 79' lang='grc' dir='ltr'>ἔχοντες,</span> <span class='ocrx_word' id='word_1_559' title='bbox 1307 3729 1440 3783; x_wconf 78' lang='grc' dir='ltr'>ἀκοντίοισι</span> <span class='ocrx_word' id='word_1_560' title='bbox 1461 3729 1487 3782; x_wconf 81' lang='grc' dir='ltr'><strong>δὲ</strong></span> <span class='ocrx_word' id='word_1_561' title='bbox 1504 3729 1652 3783; x_wconf 84' lang='grc' dir='ltr'>ἒπικαίιτοισι</span> <span class='ocrx_word' id='word_1_562' title='bbox 1665 3731 1817 3800; x_wconf 85' lang='grc' dir='ltr'>χρεώμενοι.</span> <span class='ocrx_word' id='word_1_563' title='bbox 1835 3734 1876 3785; x_wconf 77' lang='lat' dir='ltr'><strong>Cf.</strong></span> 
     </span>
     <span class='ocr_line' id='line_1_38' title="bbox 252 3805 1875 3881; baseline 0.001 -20"><span class='ocrx_word' id='word_1_564' title='bbox 252 3829 313 3878; x_wconf 84' lang='lat' dir='ltr'><strong>sago</strong></span> <span class='ocrx_word' id='word_1_565' title='bbox 324 3809 377 3862; x_wconf 86' lang='lat' dir='ltr'><strong>m’a</strong></span> <span class='ocrx_word' id='word_1_566' title='bbox 389 3808 435 3861; x_wconf 87' lang='lat' dir='ltr'><strong>lait</strong></span> <span class='ocrx_word' id='word_1_567' title='bbox 449 3807 614 3878; x_wconf 87' lang='lat' dir='ltr'><strong>conjecturer</strong></span> <span class='ocrx_word' id='word_1_568' title='bbox 627 3827 679 3880; x_wconf 92' lang='lat' dir='ltr'><strong>que</strong></span> <span class='ocrx_word' id='word_1_569' title='bbox 692 3808 744 3862; x_wconf 87' lang='lat' dir='ltr'><strong>l’ile</strong></span> <span class='ocrx_word' id='word_1_570' title='bbox 756 3809 790 3862; x_wconf 94' lang='lat' dir='ltr'><strong>de</strong></span> <span class='ocrx_word' id='word_1_571' title='bbox 804 3809 913 3872; x_wconf 83' lang='lat' dir='ltr'><strong>Gaulea,</strong></span> <span class='ocrx_word' id='word_1_572' title='bbox 930 3828 981 3880; x_wconf 90' lang='lat' dir='ltr'><strong>que</strong></span> <span class='ocrx_word' id='word_1_573' title='bbox 995 3812 1040 3863; x_wconf 91' lang='lat' dir='ltr'><strong>Di·</strong></span> <span class='ocrx_word' id='word_1_574' title='bbox 1086 3829 1145 3881; x_wconf 83' lang='lat' dir='ltr'><strong>quae</strong></span> <span class='ocrx_word' id='word_1_575' title='bbox 1156 3809 1189 3862; x_wconf 90' lang='lat' dir='ltr'><strong>de</strong></span> <span class='ocrx_word' id='word_1_576' title='bbox 1202 3807 1318 3880; x_wconf 77' lang='lat' dir='ltr'><strong>Libybus</strong></span> <span class='ocrx_word' id='word_1_577' title='bbox 1330 3805 1495 3862; x_wconf 85' lang='lat' dir='ltr'><strong>Balearidum</strong></span> <span class='ocrx_word' id='word_1_578' title='bbox 1507 3819 1596 3861; x_wconf 78' lang='lat' dir='ltr'><strong>narrat</strong></span> <span class='ocrx_word' id='word_1_579' title='bbox 1606 3808 1699 3861; x_wconf 88' lang='lat' dir='ltr'><strong>Strabo</strong></span> <span class='ocrx_word' id='word_1_580' title='bbox 1708 3811 1758 3872; x_wconf 90' lang='lat' dir='ltr'><strong>Ill,</strong></span> <span class='ocrx_word' id='word_1_581' title='bbox 1769 3827 1799 3880; x_wconf 91' lang='lat' dir='ltr'><strong>p.</strong></span> <span class='ocrx_word' id='word_1_582' title='bbox 1816 3815 1875 3864; x_wconf 75' lang='lat'><strong>168.</strong></span> 
     </span>
     <span class='ocr_line' id='line_1_39' title="bbox 252 3885 1874 3960; baseline 0.001 -20"><span class='ocrx_word' id='word_1_583' title='bbox 252 3888 306 3940; x_wconf 87' lang='lat' dir='ltr'><strong>cuil</strong></span> <span class='ocrx_word' id='word_1_584' title='bbox 315 3888 387 3959; x_wconf 85' lang='lat' dir='ltr'><strong>place</strong></span> <span class='ocrx_word' id='word_1_585' title='bbox 398 3906 443 3939; x_wconf 90' lang='lat' dir='ltr'><strong>sur</strong></span> <span class='ocrx_word' id='word_1_586' title='bbox 456 3888 481 3940; x_wconf 83' lang='lat' dir='ltr'><strong>la</strong></span> <span class='ocrx_word' id='word_1_587' title='bbox 492 3887 551 3940; x_wconf 75' lang='lat' dir='ltr'><strong>cote</strong></span> <span class='ocrx_word' id='word_1_588' title='bbox 562 3887 722 3941; x_wconf 89' lang='lat' dir='ltr'><strong>occidentale</strong></span> <span class='ocrx_word' id='word_1_589' title='bbox 735 3885 890 3960; x_wconf 81' lang='lat' dir='ltr'><strong>d’tllrique,</strong></span> <span class='ocrx_word' id='word_1_590' title='bbox 904 3899 943 3941; x_wconf 89' lang='lat' dir='ltr'><strong>est</strong></span> <span class='ocrx_word' id='word_1_591' title='bbox 956 3890 1041 3942; x_wconf 83' lang='lat' dir='ltr'><strong>Cerne</strong></span> <span class='ocrx_word' id='word_1_592' title='bbox 1089 3891 1099 3958; x_wconf 76' lang='lat' dir='ltr'><strong>ll</strong></span> <span class='ocrx_word' id='word_1_593' title='bbox 1116 3921 1152 3931; x_wconf 92' lang='lat'><em>-</em></span> <span class='ocrx_word' id='word_1_594' title='bbox 1167 3890 1284 3960; x_wconf 80' lang='grc' dir='ltr'>μόρον]</span> <span class='ocrx_word' id='word_1_595' title='bbox 1302 3891 1341 3941; x_wconf 82' lang='grc' dir='ltr'><strong>Βο</strong></span> <span class='ocrx_word' id='word_1_596' title='bbox 1356 3889 1495 3957; x_wconf 86' lang='lat' dir='ltr'><strong>unguentis</strong></span> <span class='ocrx_word' id='word_1_597' title='bbox 1507 3887 1648 3940; x_wconf 88' lang='lat' dir='ltr'><strong>Phoeniciis</strong></span> <span class='ocrx_word' id='word_1_598' title='bbox 1662 3905 1687 3940; x_wconf 89' lang='grc' dir='ltr'>ν.</span> <span class='ocrx_word' id='word_1_599' title='bbox 1703 3886 1773 3940; x_wconf 93' lang='lat' dir='ltr'><strong>Plin.</strong></span> <span class='ocrx_word' id='word_1_600' title='bbox 1791 3891 1859 3942; x_wconf 90' lang='lat' dir='ltr'><strong>XIll</strong></span> <span class='ocrx_word' id='word_1_601' title='bbox 1867 3931 1874 3953; x_wconf 93' lang='lat'><strong>,</strong></span> 
     </span>
     <span class='ocr_line' id='line_1_40' title="bbox 253 3963 1874 4039; baseline 0.001 -19"><span class='ocrx_word' id='word_1_602' title='bbox 253 3965 443 4031; x_wconf 55' lang='lat' dir='ltr'><strong>elle-memma</strong></span> <span class='ocrx_word' id='word_1_603' title='bbox 465 3963 574 4036; x_wconf 82' lang='lat' dir='ltr'><strong>laq&#39;uelle</strong></span> <span class='ocrx_word' id='word_1_604' title='bbox 593 3966 630 4019; x_wconf 87' lang='lat' dir='ltr'><strong>les</strong></span> <span class='ocrx_word' id='word_1_605' title='bbox 648 3968 829 4037; x_wconf 84' lang='lat' dir='ltr'><strong>Carthaginois</strong></span> <span class='ocrx_word' id='word_1_606' title='bbox 852 3967 999 4020; x_wconf 74' lang='lat' dir='ltr'><strong>donnerent</strong></span> <span class='ocrx_word' id='word_1_607' title='bbox 1018 3969 1040 4021; x_wconf 89' lang='lat' dir='ltr'><strong>le</strong></span> <span class='ocrx_word' id='word_1_608' title='bbox 1086 3986 1116 4032; x_wconf 77' lang='grc' dir='ltr'><strong>ος</strong></span> <span class='ocrx_word' id='word_1_609' title='bbox 1134 3970 1273 4022; x_wconf 76' lang='lat' dir='ltr'><strong>Athenuus</strong></span> <span class='ocrx_word' id='word_1_610' title='bbox 1287 3969 1348 4030; x_wconf 87' lang='lat' dir='ltr'><strong>XV,</strong></span> <span class='ocrx_word' id='word_1_611' title='bbox 1367 3985 1395 4037; x_wconf 90' lang='lat' dir='ltr'><strong>p.</strong></span> <span class='ocrx_word' id='word_1_612' title='bbox 1411 3969 1476 4031; x_wconf 80' lang='grc'>688,</span> <span class='ocrx_word' id='word_1_613' title='bbox 1500 3966 1650 4020; x_wconf 91' lang='lat' dir='ltr'><strong>Dioscorid.</strong></span> <span class='ocrx_word' id='word_1_614' title='bbox 1665 3969 1697 4031; x_wconf 90' lang='lat'><strong>1,</strong></span> <span class='ocrx_word' id='word_1_615' title='bbox 1718 3967 1767 4030; x_wconf 70' lang='lat'><strong>633</strong></span> <span class='ocrx_word' id='word_1_616' title='bbox 1786 3965 1874 4039; x_wconf 84' lang='lat' dir='ltr'><strong>deque</strong></span> 
     </span>
     <span class='ocr_line' id='line_1_41' title="bbox 253 4045 1875 4118; baseline 0.001 -19"><span class='ocrx_word' id='word_1_617' title='bbox 253 4065 315 4099; x_wconf 91' lang='lat' dir='ltr'><strong>nom</strong></span> <span class='ocrx_word' id='word_1_618' title='bbox 328 4046 391 4098; x_wconf 82' lang='lat' dir='ltr'><strong>d¹ile</strong></span> <span class='ocrx_word' id='word_1_619' title='bbox 408 4045 453 4098; x_wconf 77' lang='lat' dir='ltr'><strong>(les</strong></span> <span class='ocrx_word' id='word_1_620' title='bbox 472 4049 500 4098; x_wconf 86' lang='lat' dir='ltr'><strong>V</strong></span> <span class='ocrx_word' id='word_1_621' title='bbox 498 4045 632 4099; x_wconf 70' lang='lat' dir='ltr'><strong>aeseaux.</strong></span> <span class='ocrx_word' id='word_1_622' title='bbox 648 4049 737 4118; x_wconf 78' lang='lat' dir='ltr'><strong>Voyez</strong></span> <span class='ocrx_word' id='word_1_623' title='bbox 752 4066 807 4100; x_wconf 83' lang='lat' dir='ltr'><strong>mes</strong></span> <span class='ocrx_word' id='word_1_624' title='bbox 819 4048 981 4101; x_wconf 79' lang='lat' dir='ltr'><strong>Rechercbes</strong></span> <span class='ocrx_word' id='word_1_625' title='bbox 995 4065 1041 4100; x_wconf 87' lang='lat' dir='ltr'><strong>sur</strong></span> <span class='ocrx_word' id='word_1_626' title='bbox 1086 4047 1217 4100; x_wconf 80' lang='lat' dir='ltr'><strong>alabastris</strong></span> <span class='ocrx_word' id='word_1_627' title='bbox 1231 4056 1424 4114; x_wconf 80' lang='lat' dir='ltr'><strong>unguentorum</strong></span> <span class='ocrx_word' id='word_1_628' title='bbox 1438 4064 1463 4098; x_wconf 91' lang='grc' dir='ltr'><strong>ν.</strong></span> <span class='ocrx_word' id='word_1_629' title='bbox 1475 4047 1585 4099; x_wconf 90' lang='lat' dir='ltr'><strong>Lucian.</strong></span> <span class='ocrx_word' id='word_1_630' title='bbox 1599 4047 1695 4098; x_wconf 66' lang='lat' dir='ltr'><strong>Hetaer.</strong></span> <span class='ocrx_word' id='word_1_631' title='bbox 1708 4064 1733 4098; x_wconf 94' lang='lat' dir='ltr'><strong>c.</strong></span> <span class='ocrx_word' id='word_1_632' title='bbox 1751 4051 1782 4109; x_wconf 66' lang='grc' dir='ltr'>τίς</span> <span class='ocrx_word' id='word_1_633' title='bbox 1794 4067 1803 4110; x_wconf 86' lang='lat'>;</span> <span class='ocrx_word' id='word_1_634' title='bbox 1817 4050 1875 4100; x_wconf 75' lang='lat' dir='ltr'><strong>nn-</strong></span> 
     </span>
     <span class='ocr_line' id='line_1_42' title="bbox 253 4123 1874 4197; baseline -0.001 -20"><span class='ocrx_word' id='word_1_635' title='bbox 253 4125 350 4190; x_wconf 88' lang='lat' dir='ltr'><strong>Dieuil,</strong></span> <span class='ocrx_word' id='word_1_636' title='bbox 360 4143 388 4196; x_wconf 94' lang='lat' dir='ltr'><strong>p.</strong></span> <span class='ocrx_word' id='word_1_637' title='bbox 398 4124 522 4178; x_wconf 79' lang='lat'><strong>125·128.</strong></span> <span class='ocrx_word' id='word_1_638' title='bbox 533 4151 544 4171; x_wconf 73' lang='grc' dir='ltr'>ι</span> <span class='ocrx_word' id='word_1_639' title='bbox 555 4128 732 4180; x_wconf 78' lang='grc' dir='ltr'>Ιαιτοοιιινιιιε</span> <span class='ocrx_word' id='word_1_640' title='bbox 741 4130 829 4180; x_wconf 74' lang='lat' dir='ltr'><strong>Poena.</strong></span> <span class='ocrx_word' id='word_1_641' title='bbox 835 4129 923 4194; x_wconf 80' lang='lat' dir='ltr'><strong>ge&#39;ogr.</strong></span> <span class='ocrx_word' id='word_1_642' title='bbox 933 4144 961 4197; x_wconf 90' lang='lat' dir='ltr'><strong>p.</strong></span> <span class='ocrx_word' id='word_1_643' title='bbox 972 4143 1036 4196; x_wconf 72' lang='grc' dir='ltr'>αις).</span> <span class='ocrx_word' id='word_1_644' title='bbox 1085 4124 1207 4196; x_wconf 86' lang='lat' dir='ltr'><strong>stephan.</strong></span> <span class='ocrx_word' id='word_1_645' title='bbox 1218 4127 1284 4176; x_wconf 75' lang='lat' dir='ltr'><strong>Itan.</strong></span> <span class='ocrx_word' id='word_1_646' title='bbox 1299 4125 1364 4176; x_wconf 81' lang='lat'>1125</span> <span class='ocrx_word' id='word_1_647' title='bbox 1375 4145 1382 4186; x_wconf 90' lang='lat'>;</span> <span class='ocrx_word' id='word_1_648' title='bbox 1393 4124 1493 4178; x_wconf 88' lang='lat' dir='ltr'><strong>Plinius</strong></span> <span class='ocrx_word' id='word_1_649' title='bbox 1502 4123 1629 4189; x_wconf 84' lang='lat' dir='ltr'><strong>XXXVI,</strong></span> <span class='ocrx_word' id='word_1_650' title='bbox 1646 4140 1678 4176; x_wconf 77' lang='grc' dir='ltr'><strong>ια</strong></span> <span class='ocrx_word' id='word_1_651' title='bbox 1692 4135 1743 4176; x_wconf 89' lang='lat' dir='ltr'><strong>ete.</strong></span> <span class='ocrx_word' id='word_1_652' title='bbox 1757 4126 1768 4194; x_wconf 81' lang='grc' dir='ltr'><strong>ΙΙ</strong></span> <span class='ocrx_word' id='word_1_653' title='bbox 1782 4156 1821 4165; x_wconf 95' lang='lat'><em>-</em></span> <span class='ocrx_word' id='word_1_654' title='bbox 1830 4125 1847 4176; x_wconf 86' lang='grc' dir='ltr'>λ</span> <span class='ocrx_word' id='word_1_655' title='bbox 1855 4128 1874 4176; x_wconf 91' lang='grc' dir='ltr'><strong>ί-</strong></span> 
     </span>
     <span class='ocr_line' id='line_1_43' title="bbox 256 4201 1872 4275; baseline 0 -18"><span class='ocrx_word' id='word_1_656' title='bbox 256 4207 267 4273; x_wconf 86' lang='grc' dir='ltr'><strong>Ι]</strong></span> <span class='ocrx_word' id='word_1_657' title='bbox 280 4235 316 4245; x_wconf 95' lang='grc'><strong>-</strong></span> <span class='ocrx_word' id='word_1_658' title='bbox 330 4204 443 4271; x_wconf 79' lang='grc' dir='ltr'>σκηνὰς</span> <span class='ocrx_word' id='word_1_659' title='bbox 462 4207 587 4275; x_wconf 61' lang='lat' dir='ltr'><strong>acirim]</strong></span> <span class='ocrx_word' id='word_1_660' title='bbox 606 4206 691 4274; x_wconf 87' lang='lat' dir='ltr'><strong>Igitur</strong></span> <span class='ocrx_word' id='word_1_661' title='bbox 702 4205 773 4259; x_wconf 86' lang='lat' dir='ltr'><strong>nulla</strong></span> <span class='ocrx_word' id='word_1_662' title='bbox 787 4207 823 4258; x_wconf 91' lang='lat' dir='ltr'><strong>ibi</strong></span> <span class='ocrx_word' id='word_1_663' title='bbox 843 4216 907 4257; x_wconf 92' lang='lat' dir='ltr'><strong>tunc</strong></span> <span class='ocrx_word' id='word_1_664' title='bbox 925 4216 981 4258; x_wconf 85' lang='lat' dir='ltr'><strong>erat</strong></span> <span class='ocrx_word' id='word_1_665' title='bbox 993 4225 1037 4259; x_wconf 92' lang='lat' dir='ltr'><strong>eo-</strong></span> <span class='ocrx_word' id='word_1_666' title='bbox 1087 4205 1137 4256; x_wconf 90' lang='grc' dir='ltr'><strong>θον</strong></span> <span class='ocrx_word' id='word_1_667' title='bbox 1152 4203 1342 4275; x_wconf 79' lang='grc' dir='ltr'>Αἰγυπτίαν]</span> <span class='ocrx_word' id='word_1_668' title='bbox 1353 4203 1422 4256; x_wconf 90' lang='grc' dir='ltr'>λίνον</span> <span class='ocrx_word' id='word_1_669' title='bbox 1433 4201 1564 4273; x_wconf 75' lang='grc' dir='ltr'>Αἰγύπτιον</span> <span class='ocrx_word' id='word_1_670' title='bbox 1574 4203 1655 4256; x_wconf 86' lang='lat' dir='ltr'><strong>voluit</strong></span> <span class='ocrx_word' id='word_1_671' title='bbox 1664 4203 1793 4257; x_wconf 84' lang='lat' dir='ltr'><strong>Falconcr</strong></span> <span class='ocrx_word' id='word_1_672' title='bbox 1803 4207 1872 4257; x_wconf 65' lang='lat' dir='ltr'><strong>uie.</strong></span> 
     </span>
     <span class='ocr_line' id='line_1_44' title="bbox 253 4283 1873 4355; baseline 0.001 -21"><span class='ocrx_word' id='word_1_673' title='bbox 253 4284 333 4336; x_wconf 86' lang='lat' dir='ltr'><strong>lenia.</strong></span> <span class='ocrx_word' id='word_1_674' title='bbox 349 4285 360 4352; x_wconf 87' lang='grc' dir='ltr'><strong>Ι]</strong></span> <span class='ocrx_word' id='word_1_675' title='bbox 375 4283 488 4337; x_wconf 86' lang='grc' dir='ltr'>-εἰσὶ</span> <span class='ocrx_word' id='word_1_676' title='bbox 504 4283 535 4336; x_wconf 83' lang='grc' dir='ltr'><strong>δὲ</strong></span> <span class='ocrx_word' id='word_1_677' title='bbox 554 4283 701 4346; x_wconf 74' lang='grc' dir='ltr'>Αἰθίοπες</span> <span class='ocrx_word' id='word_1_678' title='bbox 717 4284 800 4355; x_wconf 79' lang='grc' dir='ltr'>κτλ]</span> <span class='ocrx_word' id='word_1_679' title='bbox 815 4284 904 4338; x_wconf 85' lang='lat' dir='ltr'><strong>Codex</strong></span> <span class='ocrx_word' id='word_1_680' title='bbox 919 4285 954 4338; x_wconf 92' lang='lat' dir='ltr'><strong>ita</strong></span> <span class='ocrx_word' id='word_1_681' title='bbox 971 4302 977 4337; x_wconf 95' lang='lat'><strong>:</strong></span> <span class='ocrx_word' id='word_1_682' title='bbox 993 4284 1039 4338; x_wconf 85' lang='grc' dir='ltr'>εἰσὶ</span> <span class='ocrx_word' id='word_1_683' title='bbox 1084 4285 1111 4335; x_wconf 92' lang='grc' dir='ltr'><strong>ΙΙ</strong></span> <span class='ocrx_word' id='word_1_684' title='bbox 1123 4284 1149 4335; x_wconf 93' lang='lat' dir='ltr'><strong>in</strong></span> <span class='ocrx_word' id='word_1_685' title='bbox 1164 4285 1287 4336; x_wconf 86' lang='lat' dir='ltr'><strong>Hannon.</strong></span> <span class='ocrx_word' id='word_1_686' title='bbox 1304 4301 1330 4354; x_wconf 88' lang='lat' dir='ltr'><strong>p.</strong></span> <span class='ocrx_word' id='word_1_687' title='bbox 1345 4285 1394 4348; x_wconf 81' lang='grc' dir='ltr'><strong>θος</strong></span> <span class='ocrx_word' id='word_1_688' title='bbox 1408 4301 1555 4354; x_wconf 83' lang='lat' dir='ltr'><strong>perperam.</strong></span> <span class='ocrx_word' id='word_1_689' title='bbox 1570 4283 1673 4336; x_wconf 90' lang='lat' dir='ltr'><strong>Succini</strong></span> <span class='ocrx_word' id='word_1_690' title='bbox 1697 4301 1780 4351; x_wconf 87' lang='lat' dir='ltr'><strong>genus</strong></span> <span class='ocrx_word' id='word_1_691' title='bbox 1799 4285 1873 4336; x_wconf 85' lang='lat' dir='ltr'><strong>intel-</strong></span> 
     </span>
     <span class='ocr_line' id='line_1_45' title="bbox 251 4357 1874 4436; baseline 0.002 -25"><span class='ocrx_word' id='word_1_692' title='bbox 251 4362 278 4413; x_wconf 81' lang='grc' dir='ltr'><strong>δὲ</strong></span> <span class='ocrx_word' id='word_1_693' title='bbox 290 4357 358 4414; x_wconf 74' lang='grc' dir='ltr'>οὗτοι</span> <span class='ocrx_word' id='word_1_694' title='bbox 372 4361 483 4424; x_wconf 77' lang='grc' dir='ltr'>Αἰθίοπες</span> <span class='ocrx_word' id='word_1_695' title='bbox 493 4363 552 4433; x_wconf 76' lang='grc' dir='ltr'>πρὸς</span> <span class='ocrx_word' id='word_1_696' title='bbox 562 4361 608 4429; x_wconf 78' lang='grc' dir='ltr'><strong>τὴν</strong></span> <span class='ocrx_word' id='word_1_697' title='bbox 621 4362 730 4434; x_wconf 78' lang='grc' dir='ltr'>ἤπειρον·</span> <span class='ocrx_word' id='word_1_698' title='bbox 749 4363 832 4416; x_wconf 59' lang='lat' dir='ltr'><strong>clatet</strong></span> <span class='ocrx_word' id='word_1_699' title='bbox 842 4357 911 4415; x_wconf 77' lang='grc' dir='ltr'>οὗτοι</span> <span class='ocrx_word' id='word_1_700' title='bbox 923 4363 974 4432; x_wconf 77' lang='grc' dir='ltr'><strong>δὲ(</strong></span> <span class='ocrx_word' id='word_1_701' title='bbox 981 4366 1037 4436; x_wconf 89' lang='lat' dir='ltr'><strong>sic)</strong></span> <span class='ocrx_word' id='word_1_702' title='bbox 1085 4363 1267 4416; x_wconf 85' lang='lat' dir='ltr'><strong>lexitGailius.</strong></span> <span class='ocrx_word' id='word_1_703' title='bbox 1294 4363 1340 4414; x_wconf 90' lang='lat' dir='ltr'><strong>Est</strong></span> <span class='ocrx_word' id='word_1_704' title='bbox 1361 4363 1448 4432; x_wconf 89' lang='lat' dir='ltr'><strong>potius</strong></span> <span class='ocrx_word' id='word_1_705' title='bbox 1468 4363 1565 4414; x_wconf 81' lang='lat' dir='ltr'><strong>vitrum</strong></span> <span class='ocrx_word' id='word_1_706' title='bbox 1585 4381 1616 4414; x_wconf 80' lang='lat' dir='ltr'><strong>ex</strong></span> <span class='ocrx_word' id='word_1_707' title='bbox 1635 4360 1760 4432; x_wconf 71' lang='lat' dir='ltr'><strong>hyalitide</strong></span> <span class='ocrx_word' id='word_1_708' title='bbox 1788 4363 1874 4434; x_wconf 83' lang='lat' dir='ltr'><strong>lapide</strong></span> 
     </span>
     <span class='ocr_line' id='line_1_46' title="bbox 251 4440 1872 4512; baseline 0.002 -20"><span class='ocrx_word' id='word_1_709' title='bbox 251 4440 362 4502; x_wconf 80' lang='grc' dir='ltr'>Αἰθίοπες</span> <span class='ocrx_word' id='word_1_710' title='bbox 376 4442 435 4512; x_wconf 73' lang='grc' dir='ltr'>πρὸς</span> <span class='ocrx_word' id='word_1_711' title='bbox 448 4443 503 4504; x_wconf 67' lang='lat' dir='ltr'><strong>obe:</strong></span> <span class='ocrx_word' id='word_1_712' title='bbox 517 4461 570 4496; x_wconf 90' lang='lat' dir='ltr'><strong>em.</strong></span> <span class='ocrx_word' id='word_1_713' title='bbox 593 4443 737 4496; x_wconf 87' lang='lat' dir='ltr'><strong>Fabricius.</strong></span> <span class='ocrx_word' id='word_1_714' title='bbox 753 4443 840 4512; x_wconf 89' lang='lat' dir='ltr'><strong>Vulgo</strong></span> <span class='ocrx_word' id='word_1_715' title='bbox 853 4442 934 4494; x_wconf 88' lang='lat' dir='ltr'><strong>editt:</strong></span> <span class='ocrx_word' id='word_1_716' title='bbox 949 4441 996 4495; x_wconf 82' lang='grc' dir='ltr'>εἰσί</span> <span class='ocrx_word' id='word_1_717' title='bbox 1013 4444 1039 4497; x_wconf 81' lang='grc' dir='ltr'><strong>δὲ</strong></span> <span class='ocrx_word' id='word_1_718' title='bbox 1070 4443 1227 4495; x_wconf 71' lang='lat' dir='ltr'><strong>‘conllutum</strong></span> <span class='ocrx_word' id='word_1_719' title='bbox 1247 4453 1325 4512; x_wconf 85' lang='lat' dir='ltr'><strong>atque</strong></span> <span class='ocrx_word' id='word_1_720' title='bbox 1348 4440 1472 4494; x_wconf 85' lang='lat' dir='ltr'><strong>conlectae</strong></span> <span class='ocrx_word' id='word_1_721' title='bbox 1487 4459 1518 4493; x_wconf 87' lang='lat' dir='ltr'><strong>ex</strong></span> <span class='ocrx_word' id='word_1_722' title='bbox 1539 4459 1571 4494; x_wconf 88' lang='lat' dir='ltr'><strong>eo</strong></span> <span class='ocrx_word' id='word_1_723' title='bbox 1583 4441 1617 4493; x_wconf 90' lang='lat' dir='ltr'><strong>ab</strong></span> <span class='ocrx_word' id='word_1_724' title='bbox 1638 4441 1765 4512; x_wconf 74' lang='lat' dir='ltr'><strong>AEgyptiis</strong></span> <span class='ocrx_word' id='word_1_725' title='bbox 1784 4461 1827 4494; x_wconf 75' lang='lat' dir='ltr'><strong>res</strong></span> <span class='ocrx_word' id='word_1_726' title='bbox 1840 4443 1872 4496; x_wconf 86' lang='lat' dir='ltr'><strong>ad</strong></span> 
     </span>
     <span class='ocr_line' id='line_1_47' title="bbox 251 4514 1872 4592; baseline 0.001 -22"><span class='ocrx_word' id='word_1_727' title='bbox 251 4514 321 4574; x_wconf 75' lang='grc' dir='ltr'>οὗτοι</span> <span class='ocrx_word' id='word_1_728' title='bbox 332 4520 444 4583; x_wconf 80' lang='grc' dir='ltr'>Αἰθίοπες</span> <span class='ocrx_word' id='word_1_729' title='bbox 457 4521 516 4591; x_wconf 74' lang='grc' dir='ltr'>πρὸς</span> <span class='ocrx_word' id='word_1_730' title='bbox 530 4521 580 4583; x_wconf 64' lang='lat' dir='ltr'><strong>ebe.</strong></span> <span class='ocrx_word' id='word_1_731' title='bbox 600 4524 610 4591; x_wconf 84' lang='grc' dir='ltr'><strong>Ι]</strong></span> <span class='ocrx_word' id='word_1_732' title='bbox 632 4552 668 4562; x_wconf 92' lang='grc'><strong>-</strong></span> <span class='ocrx_word' id='word_1_733' title='bbox 685 4522 738 4573; x_wconf 85' lang='grc' dir='ltr'><strong>καὶ</strong></span> <span class='ocrx_word' id='word_1_734' title='bbox 755 4521 911 4592; x_wconf 83' lang='grc' dir='ltr'>ὀδόντας]</span> <span class='ocrx_word' id='word_1_735' title='bbox 928 4542 951 4573; x_wconf 93' lang='grc' dir='ltr'><strong>κ.</strong></span> <span class='ocrx_word' id='word_1_736' title='bbox 967 4521 1038 4576; x_wconf 82' lang='grc' dir='ltr'>ὀδόν·</span> <span class='ocrx_word' id='word_1_737' title='bbox 1084 4519 1214 4573; x_wconf 88' lang='lat' dir='ltr'><strong>mundum</strong></span> <span class='ocrx_word' id='word_1_738' title='bbox 1228 4522 1387 4592; x_wconf 88' lang='lat' dir='ltr'><strong>pertinentes</strong></span> <span class='ocrx_word' id='word_1_739' title='bbox 1402 4521 1447 4588; x_wconf 88' lang='grc' dir='ltr'><strong>(ν.</strong></span> <span class='ocrx_word' id='word_1_740' title='bbox 1457 4517 1640 4583; x_wconf 76' lang='lat' dir='ltr'><strong>StraboXVI,</strong></span> <span class='ocrx_word' id='word_1_741' title='bbox 1656 4535 1683 4589; x_wconf 91' lang='lat' dir='ltr'><strong>p.</strong></span> <span class='ocrx_word' id='word_1_742' title='bbox 1696 4519 1747 4588; x_wconf 76' lang='lat'><strong>758</strong></span> <span class='ocrx_word' id='word_1_743' title='bbox 1758 4523 1780 4587; x_wconf 93' lang='lat'><strong>),</strong></span> <span class='ocrx_word' id='word_1_744' title='bbox 1792 4519 1872 4583; x_wconf 72' lang='grc' dir='ltr'>λιθίας</span> 
     </span>
     <span class='ocr_line' id='line_1_48' title="bbox 251 4597 1871 4672; baseline 0.001 -22"><span class='ocrx_word' id='word_1_745' title='bbox 251 4617 301 4651; x_wconf 87' lang='grc' dir='ltr'><strong>των</strong></span> <span class='ocrx_word' id='word_1_746' title='bbox 313 4598 385 4664; x_wconf 87' lang='lat' dir='ltr'><strong>cod.;</strong></span> <span class='ocrx_word' id='word_1_747' title='bbox 398 4617 451 4652; x_wconf 90' lang='lat' dir='ltr'><strong>em.</strong></span> <span class='ocrx_word' id='word_1_748' title='bbox 466 4601 611 4653; x_wconf 80' lang='lat' dir='ltr'><strong>lleinesius.</strong></span> <span class='ocrx_word' id='word_1_749' title='bbox 625 4601 677 4670; x_wconf 88' lang='grc' dir='ltr'>μετ’</span> <span class='ocrx_word' id='word_1_750' title='bbox 691 4599 800 4653; x_wconf 85' lang='grc' dir='ltr'>ὀδόντων</span> <span class='ocrx_word' id='word_1_751' title='bbox 811 4601 931 4664; x_wconf 87' lang='lat' dir='ltr'><strong>Vossius,</strong></span> <span class='ocrx_word' id='word_1_752' title='bbox 943 4619 1038 4671; x_wconf 85' lang='lat' dir='ltr'><strong>parum</strong></span> <span class='ocrx_word' id='word_1_753' title='bbox 1084 4599 1160 4666; x_wconf 79' lang='grc' dir='ltr'>ὓαλῆς</span> <span class='ocrx_word' id='word_1_754' title='bbox 1172 4599 1273 4652; x_wconf 85' lang='grc' dir='ltr'>πλείονα</span> <span class='ocrx_word' id='word_1_755' title='bbox 1287 4601 1345 4669; x_wconf 86' lang='grc' dir='ltr'>γένη</span> <span class='ocrx_word' id='word_1_756' title='bbox 1356 4601 1367 4668; x_wconf 87' lang='grc'>(</span> <span class='ocrx_word' id='word_1_757' title='bbox 1377 4599 1473 4670; x_wconf 89' lang='lat' dir='ltr'><strong>Peripl.</strong></span> <span class='ocrx_word' id='word_1_758' title='bbox 1484 4617 1521 4651; x_wconf 93' lang='lat' dir='ltr'><strong>m.</strong></span> <span class='ocrx_word' id='word_1_759' title='bbox 1531 4597 1639 4653; x_wconf 79' lang='lat' dir='ltr'><strong>Errthr.</strong></span> <span class='ocrx_word' id='word_1_760' title='bbox 1653 4615 1679 4667; x_wconf 89' lang='lat' dir='ltr'><strong>p.</strong></span> <span class='ocrx_word' id='word_1_761' title='bbox 1694 4601 1720 4660; x_wconf 74' lang='grc'><strong>4.</strong></span> <span class='ocrx_word' id='word_1_762' title='bbox 1732 4616 1747 4666; x_wconf 90' lang='lat'>7</span> <span class='ocrx_word' id='word_1_763' title='bbox 1759 4599 1871 4672; x_wconf 80' lang='lat' dir='ltr'><strong>Huds.)‚</strong></span> 
     </span>
     <span class='ocr_line' id='line_1_49' title="bbox 251 4673 1870 4752; baseline 0.001 -23"><span class='ocrx_word' id='word_1_764' title='bbox 251 4688 321 4748; x_wconf 81' lang='lat' dir='ltr'><strong>epte.</strong></span> <span class='ocrx_word' id='word_1_765' title='bbox 340 4680 371 4730; x_wconf 89' lang='lat' dir='ltr'><strong>In</strong></span> <span class='ocrx_word' id='word_1_766' title='bbox 385 4696 458 4748; x_wconf 87' lang='lat' dir='ltr'><strong>seqq.</strong></span> <span class='ocrx_word' id='word_1_767' title='bbox 475 4697 526 4731; x_wconf 81' lang='lat' dir='ltr'><strong>vox</strong></span> <span class='ocrx_word' id='word_1_768' title='bbox 539 4681 646 4750; x_wconf 81' lang='grc' dir='ltr'>δέρματα</span> <span class='ocrx_word' id='word_1_769' title='bbox 667 4679 741 4733; x_wconf 82' lang='lat' dir='ltr'><strong>facile</strong></span> <span class='ocrx_word' id='word_1_770' title='bbox 754 4679 966 4749; x_wconf 88' lang='lat' dir='ltr'><strong>subintelligitur.</strong></span> <span class='ocrx_word' id='word_1_771' title='bbox 979 4683 991 4750; x_wconf 77' lang='grc' dir='ltr'><strong>Ι]</strong></span> <span class='ocrx_word' id='word_1_772' title='bbox 1002 4709 1039 4726; x_wconf 82' lang='grc'>-</span> <span class='ocrx_word' id='word_1_773' title='bbox 1084 4680 1123 4731; x_wconf 95' lang='lat' dir='ltr'><strong>uti</strong></span> <span class='ocrx_word' id='word_1_774' title='bbox 1136 4677 1263 4750; x_wconf 75' lang='lat' dir='ltr'><strong>dpnlpere</strong></span> <span class='ocrx_word' id='word_1_775' title='bbox 1277 4678 1359 4730; x_wconf 75' lang='grc' dir='ltr'>λίθινοι</span> <span class='ocrx_word' id='word_1_776' title='bbox 1372 4677 1436 4748; x_wconf 73' lang='grc' dir='ltr'>χυτὰ</span> <span class='ocrx_word' id='word_1_777' title='bbox 1459 4676 1491 4738; x_wconf 86' lang='grc' dir='ltr'>εἰς</span> <span class='ocrx_word' id='word_1_778' title='bbox 1506 4677 1536 4730; x_wconf 84' lang='grc' dir='ltr'><strong>τὰ</strong></span> <span class='ocrx_word' id='word_1_779' title='bbox 1553 4673 1606 4729; x_wconf 84' lang='grc' dir='ltr'><strong>ὦτα</strong></span> <span class='ocrx_word' id='word_1_780' title='bbox 1616 4677 1626 4744; x_wconf 91' lang='lat'>(</span> <span class='ocrx_word' id='word_1_781' title='bbox 1634 4675 1734 4728; x_wconf 87' lang='lat' dir='ltr'><strong>Herod.</strong></span> <span class='ocrx_word' id='word_1_782' title='bbox 1750 4679 1788 4752; x_wconf 71' lang='grc' dir='ltr'><strong>ΙΙ,</strong></span> <span class='ocrx_word' id='word_1_783' title='bbox 1806 4683 1840 4748; x_wconf 79' lang='lat'><strong>69</strong></span> <span class='ocrx_word' id='word_1_784' title='bbox 1851 4683 1870 4746; x_wconf 84' lang='grc'><strong>).</strong></span> 
     </span>
     <span class='ocr_line' id='line_1_50' title="bbox 252 4755 1872 4830; baseline 0.001 -22"><span class='ocrx_word' id='word_1_785' title='bbox 252 4757 365 4826; x_wconf 85' lang='grc' dir='ltr'>κόσμῳ</span> <span class='ocrx_word' id='word_1_786' title='bbox 386 4758 543 4829; x_wconf 85' lang='grc' dir='ltr'>στίκτοις]</span> <span class='ocrx_word' id='word_1_787' title='bbox 562 4759 748 4830; x_wconf 86' lang='grc' dir='ltr'>κοσμοστίκτοις</span> <span class='ocrx_word' id='word_1_788' title='bbox 766 4778 804 4812; x_wconf 87' lang='lat' dir='ltr'><strong>sc.</strong></span> <span class='ocrx_word' id='word_1_789' title='bbox 825 4757 946 4828; x_wconf 74' lang='grc' dir='ltr'>ἐσθήμασι</span> <span class='ocrx_word' id='word_1_790' title='bbox 965 4759 1036 4830; x_wconf 86' lang='lat' dir='ltr'><strong>conj.</strong></span> <span class='ocrx_word' id='word_1_791' title='bbox 1087 4759 1098 4827; x_wconf 82' lang='grc' dir='ltr'><strong>Ι]</strong></span> <span class='ocrx_word' id='word_1_792' title='bbox 1111 4757 1266 4828; x_wconf 80' lang='grc' dir='ltr'>-ἅπρους</span> <span class='ocrx_word' id='word_1_793' title='bbox 1282 4756 1490 4829; x_wconf 81' lang='grc' dir='ltr'>ἰξαράκτουξ]</span> <span class='ocrx_word' id='word_1_794' title='bbox 1505 4755 1872 4826; x_wconf 80' lang='lat' dir='ltr'><strong>siccodex,quidlateatdil&#39;·</strong></span> 
     </span>
     <span class='ocr_line' id='line_1_51' title="bbox 251 4835 1871 4910; baseline -0.002 -23"><span class='ocrx_word' id='word_1_795' title='bbox 251 4836 406 4900; x_wconf 80' lang='lat' dir='ltr'><strong>Salmasius;</strong></span> <span class='ocrx_word' id='word_1_796' title='bbox 429 4836 527 4890; x_wconf 78' lang='lat' dir='ltr'><strong>excidit</strong></span> <span class='ocrx_word' id='word_1_797' title='bbox 539 4840 627 4909; x_wconf 89' lang='lat' dir='ltr'><strong>potius</strong></span> <span class='ocrx_word' id='word_1_798' title='bbox 646 4840 730 4910; x_wconf 78' lang='grc' dir='ltr'>δοραῖς</span> <span class='ocrx_word' id='word_1_799' title='bbox 745 4839 785 4891; x_wconf 83' lang='lat' dir='ltr'><strong>rel</strong></span> <span class='ocrx_word' id='word_1_800' title='bbox 798 4840 909 4909; x_wconf 83' lang='grc' dir='ltr'>δέρμασι.</span> <span class='ocrx_word' id='word_1_801' title='bbox 922 4838 964 4891; x_wconf 84' lang='lat' dir='ltr'><strong>Cf.</strong></span> <span class='ocrx_word' id='word_1_802' title='bbox 984 4841 1037 4892; x_wconf 84' lang='lat' dir='ltr'><strong>lle·</strong></span> <span class='ocrx_word' id='word_1_803' title='bbox 1083 4837 1150 4890; x_wconf 78' lang='lat' dir='ltr'><strong>sicile</strong></span> <span class='ocrx_word' id='word_1_804' title='bbox 1157 4837 1239 4892; x_wconf 92' lang='lat' dir='ltr'><strong>dictu.</strong></span> <span class='ocrx_word' id='word_1_805' title='bbox 1248 4837 1348 4890; x_wconf 83' lang='lat' dir='ltr'><strong>Gallius</strong></span> <span class='ocrx_word' id='word_1_806' title='bbox 1357 4838 1461 4908; x_wconf 85' lang='grc' dir='ltr'>κάπρους</span> <span class='ocrx_word' id='word_1_807' title='bbox 1469 4835 1619 4906; x_wconf 76' lang='grc' dir='ltr'>ἰξαριίκτοιις,</span> <span class='ocrx_word' id='word_1_808' title='bbox 1630 4853 1709 4907; x_wconf 84' lang='lat' dir='ltr'><strong>apros</strong></span> <span class='ocrx_word' id='word_1_809' title='bbox 1721 4848 1871 4898; x_wconf 52' lang='grc' dir='ltr'>σπανίσῃ</span> 
     </span>
     <span class='ocr_line' id='line_1_52' title="bbox 251 4913 1871 4986; baseline 0 -20"><span class='ocrx_word' id='word_1_810' title='bbox 251 4914 311 4967; x_wconf 84' lang='lat' dir='ltr'><strong>md.</strong></span> <span class='ocrx_word' id='word_1_811' title='bbox 323 4916 386 4979; x_wconf 89' lang='lat' dir='ltr'><strong>Vll,</strong></span> <span class='ocrx_word' id='word_1_812' title='bbox 399 4933 444 4985; x_wconf 91' lang='lat'><strong>71.</strong></span> <span class='ocrx_word' id='word_1_813' title='bbox 457 4917 578 4970; x_wconf 87' lang='lat' dir='ltr'><strong>Ceterum</strong></span> <span class='ocrx_word' id='word_1_814' title='bbox 591 4929 645 4971; x_wconf 81' lang='lat' dir='ltr'><strong>tota</strong></span> <span class='ocrx_word' id='word_1_815' title='bbox 657 4919 713 4971; x_wconf 83' lang='lat' dir='ltr'><strong>haee</strong></span> <span class='ocrx_word' id='word_1_816' title='bbox 731 4921 848 4971; x_wconf 88' lang='lat' dir='ltr'><strong>narratio</strong></span> <span class='ocrx_word' id='word_1_817' title='bbox 859 4937 874 4970; x_wconf 91' lang='lat' dir='ltr'><strong>e</strong></span> <span class='ocrx_word' id='word_1_818' title='bbox 885 4919 963 4970; x_wconf 83' lang='lat' dir='ltr'><strong>variis</strong></span> <span class='ocrx_word' id='word_1_819' title='bbox 976 4936 1037 4972; x_wconf 92' lang='lat' dir='ltr'><strong>cen·</strong></span> <span class='ocrx_word' id='word_1_820' title='bbox 1084 4913 1129 4968; x_wconf 89' lang='lat' dir='ltr'><strong>sed</strong></span> <span class='ocrx_word' id='word_1_821' title='bbox 1148 4913 1290 4986; x_wconf 82' lang='grc' dir='ltr'>ἔξαράκτους</span> <span class='ocrx_word' id='word_1_822' title='bbox 1306 4917 1357 4968; x_wconf 88' lang='lat' dir='ltr'><strong>tale</strong></span> <span class='ocrx_word' id='word_1_823' title='bbox 1370 4915 1434 4986; x_wconf 92' lang='lat' dir='ltr'><strong>quid</strong></span> <span class='ocrx_word' id='word_1_824' title='bbox 1456 4914 1610 4985; x_wconf 81' lang='lat' dir='ltr'><strong>significare</strong></span> <span class='ocrx_word' id='word_1_825' title='bbox 1622 4933 1675 4966; x_wconf 91' lang='lat' dir='ltr'><strong>non</strong></span> <span class='ocrx_word' id='word_1_826' title='bbox 1695 4924 1797 4984; x_wconf 80' lang='lat' dir='ltr'><strong>potest,</strong></span> <span class='ocrx_word' id='word_1_827' title='bbox 1823 4935 1871 4967; x_wconf 83' lang='lat' dir='ltr'><strong>nec</strong></span> 
     </span>
     <span class='ocr_line' id='line_1_53' title="bbox 251 4991 1868 5068; baseline -0.001 -23"><span class='ocrx_word' id='word_1_828' title='bbox 251 4991 358 5046; x_wconf 87' lang='lat' dir='ltr'><strong>touibus</strong></span> <span class='ocrx_word' id='word_1_829' title='bbox 369 4995 437 5048; x_wconf 86' lang='lat' dir='ltr'><strong>male</strong></span> <span class='ocrx_word' id='word_1_830' title='bbox 455 5007 574 5050; x_wconf 86' lang='lat' dir='ltr'><strong>consuta.</strong></span> <span class='ocrx_word' id='word_1_831' title='bbox 589 4998 632 5050; x_wconf 87' lang='lat' dir='ltr'><strong>Sic</strong></span> <span class='ocrx_word' id='word_1_832' title='bbox 644 4997 766 5051; x_wconf 89' lang='lat' dir='ltr'><strong>hocloco</strong></span> <span class='ocrx_word' id='word_1_833' title='bbox 777 4998 866 5051; x_wconf 86' lang='lat' dir='ltr'><strong>verbis</strong></span> <span class='ocrx_word' id='word_1_834' title='bbox 880 4996 978 5068; x_wconf 75' lang='grc' dir='ltr'>ἡμέρων</span> <span class='ocrx_word' id='word_1_835' title='bbox 994 4999 1037 5067; x_wconf 76' lang='grc' dir='ltr'><strong>βο·</strong></span> <span class='ocrx_word' id='word_1_836' title='bbox 1083 4994 1227 5065; x_wconf 83' lang='lat' dir='ltr'><strong>quidquam</strong></span> <span class='ocrx_word' id='word_1_837' title='bbox 1240 4995 1294 5048; x_wconf 92' lang='lat' dir='ltr'><strong>huc</strong></span> <span class='ocrx_word' id='word_1_838' title='bbox 1310 4993 1370 5048; x_wconf 85' lang='lat' dir='ltr'><strong>lacit</strong></span> <span class='ocrx_word' id='word_1_839' title='bbox 1384 5013 1433 5047; x_wconf 85' lang='lat' dir='ltr'><strong>vox</strong></span> <span class='ocrx_word' id='word_1_840' title='bbox 1447 4993 1585 5064; x_wconf 78' lang='grc' dir='ltr'>ἐξάργματα</span> <span class='ocrx_word' id='word_1_841' title='bbox 1604 4991 1735 5064; x_wconf 76' lang='lat' dir='ltr'><strong>Apollonii</strong></span> <span class='ocrx_word' id='word_1_842' title='bbox 1751 4993 1803 5045; x_wconf 88' lang='lat' dir='ltr'><strong>Rb.</strong></span> <span class='ocrx_word' id='word_1_843' title='bbox 1820 4995 1868 5056; x_wconf 78' lang='lat' dir='ltr'><strong>IV,</strong></span> 
     </span>
     <span class='ocr_line' id='line_1_54' title="bbox 252 5073 1868 5146; baseline -0.001 -23"><span class='ocrx_word' id='word_1_844' title='bbox 252 5073 385 5142; x_wconf 74' lang='lat' dir='ltr'><strong>oxqutros</strong></span> <span class='ocrx_word' id='word_1_845' title='bbox 408 5075 496 5127; x_wconf 86' lang='lat' dir='ltr'><strong>statim</strong></span> <span class='ocrx_word' id='word_1_846' title='bbox 519 5074 683 5145; x_wconf 86' lang='lat' dir='ltr'><strong>subjicienda</strong></span> <span class='ocrx_word' id='word_1_847' title='bbox 706 5085 806 5129; x_wconf 85' lang='lat' dir='ltr'><strong>erant:</strong></span> <span class='ocrx_word' id='word_1_848' title='bbox 831 5076 855 5128; x_wconf 91' lang='lat' dir='ltr'><strong>ol</strong></span> <span class='ocrx_word' id='word_1_849' title='bbox 875 5075 902 5128; x_wconf 77' lang='grc' dir='ltr'><strong>δὲ</strong></span> <span class='ocrx_word' id='word_1_850' title='bbox 923 5075 1037 5138; x_wconf 83' lang='grc' dir='ltr'>Φοίνικες</span> <span class='ocrx_word' id='word_1_851' title='bbox 1083 5079 1146 5145; x_wconf 69' lang='grc'>477,</span> <span class='ocrx_word' id='word_1_852' title='bbox 1166 5093 1245 5146; x_wconf 87' lang='lat' dir='ltr'><strong>quam</strong></span> <span class='ocrx_word' id='word_1_853' title='bbox 1259 5074 1372 5128; x_wconf 82' lang='lat' dir='ltr'><strong>conferri</strong></span> <span class='ocrx_word' id='word_1_854' title='bbox 1394 5075 1494 5127; x_wconf 87' lang='lat' dir='ltr'><strong>Gnilius</strong></span> <span class='ocrx_word' id='word_1_855' title='bbox 1507 5074 1572 5127; x_wconf 84' lang='lat' dir='ltr'><strong>vult.</strong></span> <span class='ocrx_word' id='word_1_856' title='bbox 1586 5073 1664 5126; x_wconf 83' lang='lat' dir='ltr'><strong>Mitto</strong></span> <span class='ocrx_word' id='word_1_857' title='bbox 1676 5075 1774 5125; x_wconf 90' lang='lat' dir='ltr'><strong>mirum</strong></span> <span class='ocrx_word' id='word_1_858' title='bbox 1798 5073 1868 5124; x_wconf 79' lang='lat' dir='ltr'><strong>istud</strong></span> 
     </span>
     <span class='ocr_line' id='line_1_55' title="bbox 251 5149 1869 5230; baseline 0 -28"><span class='ocrx_word' id='word_1_859' title='bbox 251 5149 364 5220; x_wconf 83' lang='grc' dir='ltr'>ἔμποροι.</span> <span class='ocrx_word' id='word_1_860' title='bbox 378 5155 390 5220; x_wconf 85' lang='grc' dir='ltr'><strong>Ι]</strong></span> <span class='ocrx_word' id='word_1_861' title='bbox 403 5184 439 5194; x_wconf 91' lang='grc'><strong>-</strong></span> <span class='ocrx_word' id='word_1_862' title='bbox 453 5155 608 5225; x_wconf 81' lang='grc' dir='ltr'>μέγιστοι]</span> <span class='ocrx_word' id='word_1_863' title='bbox 624 5156 710 5225; x_wconf 88' lang='grc' dir='ltr'>μεστοὶ</span> <span class='ocrx_word' id='word_1_864' title='bbox 723 5155 784 5208; x_wconf 91' lang='lat' dir='ltr'><strong>cod.</strong></span> <span class='ocrx_word' id='word_1_865' title='bbox 804 5157 815 5224; x_wconf 86' lang='grc' dir='ltr'><strong>Ι]</strong></span> <span class='ocrx_word' id='word_1_866' title='bbox 829 5187 865 5196; x_wconf 95' lang='grc'><strong>-</strong></span> <span class='ocrx_word' id='word_1_867' title='bbox 881 5156 1036 5222; x_wconf 73' lang='grc' dir='ltr'>πενταπή-</span> <span class='ocrx_word' id='word_1_868' title='bbox 1084 5156 1176 5208; x_wconf 88' lang='lat' dir='ltr'><strong>mercis</strong></span> <span class='ocrx_word' id='word_1_869' title='bbox 1197 5173 1287 5230; x_wconf 79' lang='lat' dir='ltr'><strong>genus.</strong></span> <span class='ocrx_word' id='word_1_870' title='bbox 1304 5153 1474 5208; x_wconf 84' lang='lat' dir='ltr'><strong>Desideratur</strong></span> <span class='ocrx_word' id='word_1_871' title='bbox 1485 5173 1526 5206; x_wconf 89' lang='lat' dir='ltr'><strong>res</strong></span> <span class='ocrx_word' id='word_1_872' title='bbox 1545 5153 1584 5206; x_wconf 85' lang='lat' dir='ltr'><strong>vel</strong></span> <span class='ocrx_word' id='word_1_873' title='bbox 1600 5151 1713 5224; x_wconf 77' lang='lat' dir='ltr'><strong>supellex</strong></span> <span class='ocrx_word' id='word_1_874' title='bbox 1735 5151 1768 5204; x_wconf 85' lang='lat' dir='ltr'><strong>nd</strong></span> <span class='ocrx_word' id='word_1_875' title='bbox 1789 5169 1869 5203; x_wconf 86' lang='lat' dir='ltr'><strong>orna-</strong></span> 
     </span>
     <span class='ocr_line' id='line_1_56' title="bbox 251 5230 1869 5306; baseline 0.001 -26"><span class='ocrx_word' id='word_1_876' title='bbox 251 5230 763 5304; x_wconf 58' lang='lat' dir='ltr'><strong>gsr;]Cl.Plin.V1,35,ubiSyrbotre</strong></span> <span class='ocrx_word' id='word_1_877' title='bbox 772 5235 906 5306; x_wconf 81' lang='lat' dir='ltr'><strong>AEtbiopcs</strong></span> <span class='ocrx_word' id='word_1_878' title='bbox 917 5247 1036 5288; x_wconf 83' lang='lat' dir='ltr'><strong>octomnu</strong></span> <span class='ocrx_word' id='word_1_879' title='bbox 1084 5245 1156 5296; x_wconf 90' lang='lat' dir='ltr'><strong>tum,</strong></span> <span class='ocrx_word' id='word_1_880' title='bbox 1181 5253 1234 5305; x_wconf 93' lang='lat' dir='ltr'><strong>quo</strong></span> <span class='ocrx_word' id='word_1_881' title='bbox 1256 5233 1516 5304; x_wconf 79' lang='lat' dir='ltr'><strong>gaudent&#39;ejusmodi</strong></span> <span class='ocrx_word' id='word_1_882' title='bbox 1531 5233 1636 5305; x_wconf 89' lang='lat' dir='ltr'><strong>populi,</strong></span> <span class='ocrx_word' id='word_1_883' title='bbox 1659 5232 1804 5302; x_wconf 87' lang='lat' dir='ltr'><strong>pertinens.</strong></span> <span class='ocrx_word' id='word_1_884' title='bbox 1827 5232 1869 5282; x_wconf 87' lang='lat' dir='ltr'><strong>Sic</strong></span> 
     </span>
     <span class='ocr_line' id='line_1_57' title="bbox 250 5307 1868 5385; baseline 0.001 -26"><span class='ocrx_word' id='word_1_885' title='bbox 250 5307 400 5361; x_wconf 82' lang='lat' dir='ltr'><strong>cubitorum</strong></span> <span class='ocrx_word' id='word_1_886' title='bbox 424 5310 503 5363; x_wconf 86' lang='lat' dir='ltr'><strong>luisse</strong></span> <span class='ocrx_word' id='word_1_887' title='bbox 526 5311 661 5365; x_wconf 87' lang='lat' dir='ltr'><strong>dicuntur.</strong></span> <span class='ocrx_word' id='word_1_888' title='bbox 685 5314 766 5366; x_wconf 91' lang='lat' dir='ltr'><strong>Solin.</strong></span> <span class='ocrx_word' id='word_1_889' title='bbox 788 5332 813 5367; x_wconf 86' lang='lat' dir='ltr'><strong>c.</strong></span> <span class='ocrx_word' id='word_1_890' title='bbox 838 5315 882 5369; x_wconf 81' lang='lat'><strong>30.</strong></span> <span class='ocrx_word' id='word_1_891' title='bbox 906 5313 1034 5368; x_wconf 86' lang='lat' dir='ltr'><strong>lleredot.</strong></span> <span class='ocrx_word' id='word_1_892' title='bbox 1083 5314 1222 5385; x_wconf 68' lang='lat' dir='ltr'><strong>Carnbrses</strong></span> <span class='ocrx_word' id='word_1_893' title='bbox 1247 5313 1279 5367; x_wconf 86' lang='lat' dir='ltr'><strong>nd</strong></span> <span class='ocrx_word' id='word_1_894' title='bbox 1311 5313 1444 5384; x_wconf 80' lang='lat' dir='ltr'><strong>AEtlriopes</strong></span> <span class='ocrx_word' id='word_1_895' title='bbox 1469 5313 1677 5384; x_wconf 54' lang='lat' dir='ltr'><strong>ichthyophagos</strong></span> <span class='ocrx_word' id='word_1_896' title='bbox 1703 5310 1773 5363; x_wconf 85' lang='lat' dir='ltr'><strong>donn</strong></span> <span class='ocrx_word' id='word_1_897' title='bbox 1797 5311 1868 5362; x_wconf 83' lang='lat' dir='ltr'><strong>misit</strong></span> 
     </span>
    </p>
   </div>
   <div class='ocr_carea' id='block_1_8' title="bbox 0 0 1980 5925">
    <p class='ocr_par' dir='ltr' id='par_1_8' title="bbox 0 0 1980 5925">
     <span class='ocr_line' id='line_1_58' title="bbox 0 0 1980 5925; baseline 0 4"><span class='ocrx_word' id='word_1_898' title='bbox 0 0 1980 5925; x_wconf 95' lang='lat' dir='ltr'><strong> </strong></span> 
     </span>
    </p>
   </div>
  </div>
 </body>
</html>
