3950 5925
267 459 284 507 2
787 440 982 501 tttNNOuts
1004 434 1355 497 CAllTllelGlNlEb'SlS
1608 435 1647 507 (p.
1666 448 1710 503 t‚2
1724 443 1765 495 ed.
1780 432 1880 513 ttnds.)

263 632 305 686 lar
319 636 335 702 5
348 648 397 685 ιιι
415 640 441 684 et
454 630 601 701 Stephanus
614 630 688 699 Byr..;
703 625 774 698 apud
789 636 932 695 utrumque
943 634 1051 677 vocatur
1090 624 1171 687 vocis,
1183 641 1237 674 non
1248 621 1410 692 phaenicium
1422 618 1469 673 sed
1479 620 1595 691 libycum
1606 638 1671 687 esse,
1681 632 1708 674 et
1717 622 1790 693 quod
1801 624 1882 693 signi-

265 712 427 784 θυμιατηρῐα.
440 709 542 778 Quodsi
557 710 585 761 in
594 706 669 759 bidui
682 706 889 774 navigationem,
905 723 963 774 quae
973 704 1052 756 luisse
1089 700 1237 754 ficationem
1245 702 1316 753 vocis
1323 701 1425 763 attinet,
1437 698 1651 769 componendum
1659 700 1807 771 suspicatur
1819 720 1883 754 cunr

264 793 364 849 dicitur
385 794 412 843 in
429 791 495 843 mari
515 798 605 841 extero
619 803 702 855 nsque
725 783 758 837 ad
778 784 1004 854 Thymiaterinm,
1019 802 1051 837 ex
1093 780 1231 834 Themetra
1252 778 1360 830 nornine
1373 776 1424 829 loci
1439 779 1466 829 in
1490 778 1633 845 Zeugitana
1655 777 1698 830 siti
1722 777 1769 849 (v.
1791 782 1878 832 Inscr.

266 872 365 941 vulgari
377 869 477 922 calculo
492 876 679 937 computantur
689 864 773 917 stadia
788 863 872 927 millo,
886 862 948 915 inde
962 881 977 914 a
992 881 1053 934 pro·
1089 878 1132 929 ap.
1147 856 1236 910 Matret
1246 858 1317 909 Mus.
1333 858 1398 909 Ver.
1413 874 1442 927 p.
1456 860 1518 926 [172.
1534 856 1614 909 Orelli
1624 858 1708 909 inser.
1725 874 1752 910 n.
1769 858 1839 913 tosa
1851 860 1879 931 );

266 952 400 1004 montorio
418 947 524 1019 Spartel
540 944 698 998 deducimur
711 960 795 1013 usque
812 941 845 994 ad
858 944 925 994 ostia
942 942 1053 995 Suburis
1095 945 1230 997 Themetra
1242 955 1331 997 autem
1343 944 1455 997 sormam
1469 944 1582 1015 libycam
1595 944 1678 997 belief
1686 946 1812 1016 pboenicii
1825 950 1883 1000 Me-

267 1030 351 1099 (hod.
370 1026 455 1097 Sebu)
475 1024 558 1077 llnvii.
579 1028 618 1077 Ac
631 1042 723 1077 revera
739 1022 774 1075 ad
792 1023 864 1075 hunc
880 1022 1008 1085 fluvium,
1025 1021 1052 1071 in
1090 1023 1153 1075 deret
1167 1022 1259 1095 (cujus
1275 1024 1391 1077 nominis
1406 1023 1479 1076 locus
1492 1024 1520 1076 in
1532 1024 1667 1077 Phoenicia
1681 1036 1842 1078 memoratur
1854 1028 1884 1079 in

175 1096 180 1105 ¹
266 1108 317 1161 hoc
335 1117 420 1159 tractu
433 1107 554 1159 omnium
573 1105 720 1156 maximum
734 1120 847 1172 eumque
868 1100 1052 1169 navigabilem,
1090 1102 1157 1156 Tab.
1177 1102 1377 1171 Pontingeriana
1391 1102 1416 1173 ),
1430 1104 1465 1155 ita
1483 1113 1514 1155 ut
1536 1102 1588 1157 The
1604 1102 1701 1173 syllaba
1718 1103 1833 1175 libycum
1848 1108 1886 1158 sit

265 1186 358 1238 urbem
375 1184 444 1237 illam
458 1180 592 1235 conditam
606 1181 783 1234 suissoomnia
798 1179 918 1231 suadent.
934 1178 1054 1231 Primum
1090 1182 1239 1253 praefixum.
1262 1185 1329 1249 Qnae
1345 1181 1464 1252 quidem,
1487 1192 1616 1253 quantum
1639 1200 1688 1250 ego
1710 1181 1744 1235 de
1758 1181 1885 1252 hisjudj.

266 1266 319 1319 huc
336 1264 397 1317 lacit
408 1262 500 1333 Scylax
511 1260 528 1313 l.
544 1260 575 1324 l.‚
586 1261 652 1330 qui:
674 1258 744 1311 Μετὰ
763 1258 789 1311 δὲ
805 1257 886 1322 Ailou,
903 1258 949 1321 all,
966 1255 1055 1325 Κρᾶὅῑς
1091 1280 1150 1314 care
1165 1279 1282 1333 possum,
1304 1260 1392 1333 paullo
1410 1261 1513 1331 longius
1526 1262 1608 1333 petita
1630 1261 1763 1315 videntur.
1783 1264 1886 1317 Contra

266 1345 376 1416 serapte
388 1344 430 1397 sat
441 1339 517 1413 λιμὴν
536 1339 579 1391 sat
591 1338 662 1400 πόλις
673 1338 798 1390 Φοινίκων
813 1336 975 1407 θυμιατηρῐα-
992 1334 1054 1405 ,ΡΙυ-
1094 1340 1206 1411 Ktugius
1221 1358 1226 1393 :
1247 1339 1320 1394 «sed
1332 1350 1358 1393 et
1371 1342 1447 1410 graeci
1462 1340 1534 1394 verbi
1545 1340 1710 1411 significatio,
1724 1343 1821 1412 inquit,
1837 1342 1886 1395 de-

267 1428 325 1477 vius
336 1442 399 1476 vero
410 1432 469 1493 post
481 1422 578 1474 Lixum
587 1420 734 1489 proximus,
747 1420 793 1489 qni
804 1416 912 1488 quidem
926 1416 1054 1467 momenti
1093 1419 1164 1473 tendi
1179 1431 1273 1491 potest.
1287 1419 1454 1491 Θυμιατήριοι
1464 1431 1503 1473 est
1516 1420 1696 1485 thuribulum,
1711 1439 1816 1485 acerra,
1832 1440 1887 1492 qna

178 1523 183 1531 ’
267 1504 376 1574 alicujus
388 1504 431 1566 sit,
447 1501 535 1553 Subur
550 1509 589 1550 est
600 1498 688 1568 paullo
699 1497 769 1550 inira
778 1496 883 1567 Mereljet
898 1513 943 1548 sen
958 1498 1055 1548 Murzn
1093 1518 1165 1564 voce,
1187 1501 1209 1552 si
1226 1517 1308 1569 graeca
1322 1498 1504 1553 denominatio
1513 1518 1574 1553 vem
1590 1510 1639 1565 est,
1653 1500 1718 1554 nihil
1731 1500 1803 1553 aliud
1816 1500 1886 1553 indi.

269 1585 354 1637 lacum
369 1585 396 1634 in
408 1580 593 1642 mareoticas,
613 1588 643 1629 ut
655 1578 727 1629 buno
740 1578 826 1647 ipsum
843 1575 935 1628 Crabis
947 1574 1055 1626 nomine
1093 1589 1168 1631 catur·
1183 1596 1263 1649 quam
1282 1579 1444 1631 consecratio
1462 1578 1546 1643 urbis,
1567 1578 1632 1631 urbs
1647 1578 1699 1631 diis
1720 1591 1884 1633 consecr-ara,

269 1664 361 1734 Scylax
393 1662 496 1729 signare
525 1656 655 1709 viduatur.
691 1658 810 1708 Mnaseas
838 1652 908 1723 apud
939 1653 1055 1706 Plinium
1093 1660 1186 1724 Quum
1197 1658 1268 1709 enim
1279 1656 1336 1709 haec
1344 1656 1435 1727 primo
1443 1667 1510 1710 esset
1519 1656 1631 1723 colonia,
1646 1658 1750 1711 initium
1762 1676 1795 1711 ex
1804 1661 1886 1711 sacris

270 1743 410 1803 xxxva,
432 1756 461 1789 ιι
481 1754 532 1808 pro
549 1734 626 1788 Credi
643 1736 719 1805 ponit
738 1733 855 1794 Crathin,
875 1731 954 1801 idque
967 1732 1056 1783 nescio
1093 1738 1142 1789 rite
1156 1734 1286 1788 faciundis
1294 1735 1453 1788 sumendum
1464 1746 1530 1807 erat,
1545 1754 1655 1807 eamque
1668 1736 1704 1789 ob
1715 1755 1821 1790 causam
1834 1738 1887 1790 boc

269 1841 303 1875 an
317 1822 413 1873 rectius
431 1817 534 1880 babeat,
551 1816 676 1886 quoniam
697 1832 759 1865 cnm
773 1831 858 1881 grew
877 1811 929 1863 boc
948 1811 1056 1863 nomine
1092 1816 1242 1885 emporium
1251 1814 1427 1880 thuribulum,
1441 1817 1460 1867 i.
1473 1834 1497 1868 e.
1510 1816 1574 1869 urbs
1586 1817 1671 1869 thuris
1682 1817 1886 1870 sivesamnrum

269 1900 400 1972 quadrant
417 1914 500 1967 graeca
520 1896 627 1946 nomina
640 1892 757 1961 Sicyonis
769 1891 841 1944 urbis
852 1901 878 1943 et
892 1888 1057 1962 cephaludis
1093 1894 1280 1966 appellabatur.
1296 1896 1358 1947 Haec
1375 1893 1483 1947 dioendt
1498 1896 1567 1948 ratio
1581 1896 1754 1949 Hebraeomm
1766 1900 1886 1950 sermom

217 2022 222 2030 .
270 1973 512 2049 lacnslMerdjn),
526 1990 585 2044 qnae
604 1990 656 2025 nna
675 1989 737 2023 cum
749 1968 1057 2037 Melcergrr'dibusavibus
1094 1967 1245 2045 respondet,
1260 1999 1271 2019 s
1285 1972 1651 2046 ldemjamMannertus(x‚
1667 1991 1734 2046 ²21³·
1748 1974 1887 2049 512)sra.

270 2060 347 2129 graeci
359 2054 500 2127 geographi
510 2054 538 2104 in
550 2052 606 2104 haec
619 2051 676 2103 loca
687 2049 885 2103 transtulerunt.
896 2048 967 2100 Nihil
978 2048 1058 2117 igitur
1094 2064 1190 2117 tuerat,
1202 2054 1248 2124 qui
1259 2054 1388 2106 Punicum
1399 2053 1473 2105 urbis
1483 2070 1580 2106 nomen
1592 2054 1708 2107 fortassis
1717 2072 1773 2107 esse
1782 2058 1889 2126 putavit

270 2140 368 2191 mirum
376 2133 462 2187 eidem
474 2131 555 2184 lluvio
565 2130 667 2182 diversa
675 2128 753 2200 plane
762 2128 871 2181 nomina
879 2126 971 2179 tribui.
982 2128 1056 2178 Mna·
1094 2134 1206 2187 Ποιτιὼι
1219 2131 1330 2203 Sep-'lacis
1346 2132 1380 2205 (S
1393 2150 1441 2185 rra
1450 2134 1470 2205 ).
1481 2136 1578 2187 Pantm
1587 2134 1644 2187 haec
1653 2134 1799 2205 probabilia
1811 2148 1886 2189 sunt.

270 2236 327 2271 neas
339 2214 447 2287 quidem
457 2212 567 2267 Crathin
583 2211 694 2262 lineium
706 2226 761 2261 non
774 2207 844 2260 infra
853 2206 950 2269 lacum,
965 2205 1012 2258 sed
1025 2224 1058 2257 ex
1094 2208 1151 2277 Ego
1164 2211 1273 2280 quidem
1284 2230 1338 2264 non
1348 2230 1459 2281 graecam
1468 2214 1572 2283 punicae
1585 2215 1656 2267 vocis
1671 2215 1830 2280 versionem,
1839 2216 1888 2269 sed

271 2300 329 2368 ipso
340 2296 399 2347 lacu
417 2294 445 2345 in
463 2293 600 2361 Qoeannm
618 2290 690 2341 exire
703 2287 778 2352 dicit,
791 2286 910 2357 adeoque
923 2284 1056 2337 diversum
1094 2291 1218 2358 punicam
1231 2310 1322 2344 vocem
1333 2293 1482 2362 ingraecum
1494 2292 1652 2346 vocabulum
1664 2297 1889 2365 oonuptamsub-

270 2396 287 2429 a
298 2375 401 2429 Subure
414 2387 520 2425 amnem
530 2366 647 2420 inclinare
656 2366 770 2419 videtur.
783 2368 884 2418 Verum
898 2383 982 2435 quum
992 2384 1059 2418 non·
1095 2384 1150 2421 esse
1168 2387 1229 2422 cum
1247 2370 1379 2423 Bocharto
1402 2382 1429 2423 et
1450 2372 1584 2423 Moversio
1602 2382 1697 2425 statuo.
1721 2374 1817 2427 Facere
1834 2375 1890 2429 buc

271 2455 322 2507 nisi
332 2450 409 2505 rivuli
418 2447 528 2520 quidam
539 2448 568 2499 in
577 2445 663 2499 lacum
673 2445 746 2497 illum
757 2444 885 2509 incidant,
898 2444 986 2497 nullus
997 2462 1058 2496 vero
1095 2448 1161 2501 mihi
1175 2448 1278 2501 videtur
1293 2450 1366 2503 locus
1379 2451 1509 2503 Itinerarii
1533 2454 1632 2505 Anton.
1647 2470 1675 2523 p.
1692 2469 1719 2517 a,
1734 2454 1780 2506 ubi
1796 2454 1862 2508 inde
1873 2476 1889 2509 a

271 2534 334 2589 inde
350 2535 378 2585 in
395 2547 468 2583 mare
480 2529 570 2581 eniens
584 2528 612 2578 in
627 2526 730 2596 mappis
744 2526 841 2577 nostris
858 2526 1059 2577 accuratissimis
1095 2526 1152 2579 Sala
1164 2528 1411 2599 urbejuxtaSalam
1422 2530 1485 2581 llnv.
1502 2530 1551 2582 sita
1564 2548 1647 2601 usqne
1661 2529 1694 2583 ad
1712 2532 1890 2588 Thomu-sida

272 2612 459 2684 conspiciatur,
473 2609 517 2660 vix
525 2605 638 2659 dubium
648 2616 688 2657 est
701 2606 766 2675 quin
776 2612 854 2656 notus
863 2603 951 2656 Subur
964 2604 1059 2657 fluvius
1097 2604 1278 2677 (Tama-sida,
1293 2607 1462 2663 Tiausa-sida
1469 2627 1525 2662 var.
1533 2608 1754 2681 lect.,Taponolqa
1762 2614 1888 2686 Ptolem.)

272 2694 306 2744 sit
319 2692 361 2745 ille
369 2706 449 2761 quem
457 2702 594 2759 perperam
605 2684 687 2736 elacn
697 2684 829 2754 profluere
837 2685 957 2735 Mnaseas
968 2682 1057 2737 refert.
1096 2703 1152 2739 esse
1166 2687 1293 2741 dicuntur
1309 2688 1389 2742 millia
1405 2690 1449 2741 32.
1466 2690 1536 2741 Hinc
1554 2689 1685 2759 colligitur
1695 2690 1787 2743 urbem
1808 2691 1890 2746 fnisse

273 2772 332 2824 Hoc
345 2770 367 2823 si
385 2776 455 2821 recte
468 2764 534 2829 dini,
549 2772 754 2817 consentancum
771 2773 811 2815 est
822 2763 960 2832 Sicyonem
977 2762 1058 2829 illam,
1096 2764 1129 2817 ad
1140 2766 1228 2819 Subur
1238 2767 1359 2834 fluvium,
1373 2767 1440 2821 adeo
1452 2778 1482 2821 nt
1496 2786 1511 2821 a
1525 2768 1702 2839 Thymieeterr'o
1714 2788 1767 2823 non
1782 2770 1889 2827 diversa

274 2868 354 2920 qnam
369 2864 431 2900 cum
448 2843 573 2898 Crathide
590 2844 710 2894 Mnaseas
729 2843 879 2912 componit,
904 2842 991 2912 ipsum
1011 2860 1059 2896 no·
1098 2844 1187 2899 inerit.
1211 2846 1339 2912 Accedit,
1355 2846 1428 2917 quod
1449 2848 1565 2901 nominis
1584 2849 1723 2919 compositi
1737 2848 1790 2921 (cs.
1807 2851 1890 2905 nrbes

275 2941 422 2983 strnmesse
433 2922 652 2995 Thymiaterium.
662 2919 749 2974 Hodie
757 2919 791 2974 ad
800 2920 910 2974 Subnris
919 2921 985 2974 ostia
991 2920 1061 2992 jacet
1097 2923 1193 2978 Africae
1223 2926 1410 2990 TocoIa-sida;
1435 2926 1518 3000 Sida)
1546 2944 1606 2998 pars
1631 2928 1704 2998 prior
1729 2946 1789 2982 cum
1816 2932 1890 2985 llan-

275 3015 397 3066 Memora
410 3009 465 3060 sive
478 3002 608 3059 Melieeiia.
624 3003 694 3054 Situs
710 3000 767 3071 ejus
786 3001 859 3054 urbis
875 3001 933 3053 talis
951 3019 1061 3071 prorsus
1097 3006 1176 3056 nonei
1192 3004 1311 3058 vocabuli
1331 3006 1408 3058 initio
1422 3007 1545 3077 componi
1559 3017 1618 3078 apte
1630 3015 1731 3077 potest3
1750 3026 1804 3061 non
1824 3011 1889 3062 item

272 3101 322 3155 est,
334 3089 438 3159 qualem
452 3085 530 3137 fuisse
542 3082 715 3153 Thymiaterii
733 3099 766 3133 ex
778 3082 908 3134 Hannone
918 3080 1059 3150 colligitur.
1097 3082 1192 3147 altera;
1207 3083 1253 3136 sed
1268 3083 1325 3136 fieri
1339 3086 1426 3155 potuit
1435 3095 1466 3137 ut
1477 3084 1568 3138 eadem
1584 3085 1647 3138 urbs
1666 3085 1763 3157 duplici
1779 3091 1891 3142 nomine

273 3163 504 3237 Quemadmodum
522 3163 593 3215 enim
608 3159 658 3213 sub
677 3160 858 3231 'lbymiaterio
874 3159 994 3230 planities
1017 3179 1061 3232 pa·
1098 3163 1244 3232 composito
1255 3162 1404 3230 efferretur,
1414 3173 1445 3216 ut
1453 3165 1559 3235 passim.
1571 3167 1654 3218 Porro
1663 3164 1890 3235 quemadmodum

273 3252 352 3302 tuisse
369 3248 476 3309 dicitur,
495 3246 533 3297 sie
545 3247 667 3297 Memora
680 3241 740 3295 locu
751 3241 856 3294 sublimi
868 3241 990 3311 imposita
1003 3258 1061 3311 per·
1098 3241 1184 3294 Graeci
1195 3252 1222 3294 et
1234 3241 1399 3314 θυμιατήριον
1410 3254 1436 3296 ot
1456 3242 1610 3314 Θυμιατηρὶα
1621 3243 1743 3304 dicebam
1766 3245 1890 3315 frequen·

273 3330 366 3401 amplae
394 3326 548 3380 dominatur
577 3321 705 3394 planitiei,
733 3339 791 3392 quae
814 3339 896 3390 usque
918 3318 951 3372 ad
976 3320 1061 3374 Salam
1099 3321 1198 3373 tissima
1211 3321 1253 3374 illa
1264 3321 1410 3374 formarum
1420 3323 1601 3386 varietatene
1613 3323 1692 3376 etiam
1703 3322 1889 3394 Oapouliluvov

276 3410 318 3480 (b.
331 3403 481 3474 Bamgrreg)
493 3403 603 3454 fluvium
616 3402 739 3472 pertinet.
749 3403 783 3452 V.
794 3403 819 3453 J.
830 3397 939 3453 Windn
952 3401 1062 3455 Tmuclr
1098 3398 1201 3452 dietum
1212 3417 1268 3452 esse
1285 3399 1359 3452 sacile
1372 3400 1496 3470 largieris.
1516 3403 1586 3454 Hinc
1596 3419 1667 3466 vem,
1683 3404 1710 3454 ni
1728 3402 1813 3467 fallor,
1828 3417 1890 3458 nata

272 3506 301 3558 p.
315 3491 363 3549 δίη
379 3482 468 3536 Barth.
484 3480 681 3546 Weendernngen
696 3491 716 3532 t.
737 3496 761 3542 r,
777 3498 804 3550 p.
821 3495 872 3547 29;
888 3477 1003 3531 Jaeltson
1017 3482 1061 3532 An
1098 3490 1138 3531 est
1150 3479 1245 3531 Σικυὼν
1267 3479 1330 3531 urbs
1342 3481 1455 3532 Mnaseae
1475 3481 1599 3534 Graeculi.
1614 3480 1714 3535 Plinius
1731 3483 1768 3547 V,
1786 3500 1797 3535 ι
1818 3485 1891 3538 Tira·

272 3562 469 3632 uccoemtoftlre
478 3559 574 3632 erapier
581 3557 740 3627 ersMemcco
751 3557 810 3629 (cd.
821 3567 885 3610 tert.
897 3559 964 3618 1814
977 3557 1022 3628 )p.
1034 3563 1061 3622 6;
1099 3555 1230 3610 masidam
1237 3557 1365 3628 oppidum
1376 3575 1429 3610 non
1439 3570 1577 3624 memorat,
1589 3570 1681 3612 eontra
1690 3577 1752 3614 vero
1760 3563 1889 3616 Banasam

274 3651 379 3700 Movere
396 3645 454 3694 Des
462 3637 638 3711 pluniairclee
649 3637 800 3690 Altertheem
814 3647 834 3688 t.
850 3655 882 3700 n,
898 3653 926 3706 p.
943 3637 992 3699 541
1009 3655 1060 3707 sq.;
1099 3638 1193 3690 urbem
1203 3636 1236 3690 ad
1248 3638 1336 3691 Subur
1347 3639 1458 3691 lluvium
1470 3641 1568 3709 ponit:
1588 3642 1628 3692 Ae
1643 3639 1671 3691 in
1682 3658 1728 3692 ora
1741 3658 1759 3692 a
1771 3641 1839 3694 Lixo
1856 3645 1890 3698 50

265 3727 321 3796 -qni
335 3724 385 3774 viri
394 3720 466 3772 docti
480 3719 560 3770 sitnm
576 3714 713 3785 bujnsloci
722 3713 756 3768 ad
768 3717 927 3769 commercia
939 3726 966 3768 et
976 3714 1062 3768 domi·
1100 3717 1167 3770 mill.
1180 3717 1266 3770 nornis
1272 3717 1366 3781 Subur,
1376 3731 1475 3790 proter
1484 3723 1615 3772 Banasam
1624 3717 1752 3772 coloniam
1763 3717 1887 3790 defluens,

267 3805 408 3857 vitationem
428 3809 481 3851 tam
504 3798 633 3865 insignem
653 3797 680 3847 in
701 3794 812 3849 randum
832 3795 1061 3850 accommodatum
1101 3795 1254 3864 rrtctgnificus
1275 3808 1300 3849 et
1313 3796 1485 3864 neenignbiiir.
1510 3797 1554 3849 At
1574 3815 1603 3850 eo
1617 3795 1726 3850 totidem
1747 3801 1788 3852 Μ.
1810 3818 1887 3870 pass.

268 3901 331 3936 ¹esse
341 3889 461 3942 monent,
471 3887 503 3929 nt
512 3876 608 3929 mirum
622 3875 688 3927 soret
699 3876 925 3946 (iartlraginienses
938 3876 1011 3929 urbis
1025 3878 1060 3932 ibi
1099 3873 1227 3946 oppidum
1247 3874 1318 3937 Solu,
1343 3874 1457 3945 ejusdem
1482 3874 1596 3928 nominis
1611 3875 1698 3944 fluuio
1723 3875 1887 3947 inpositum.

268 3959 420 4016 condendae
437 3956 663 4028 opportunitatem
680 3957 887 4026 praetermisisse.
903 3955 983 4024 Quod
1003 3959 1062 4010 atti·
1099 3956 1162 4006 Huc
1174 3955 1248 4024 parvi
1260 3965 1322 4006 sunt
1331 3953 1458 4007 facienda.
1471 3955 1539 4006 Tota
1548 3955 1619 4007 enirn
1634 3953 1727 4006 Africo
1739 3954 1889 4008 occidenta-

274 4053 319 4095 net
338 4056 435 4093 nomen
457 4034 635 4106 θυμιατήριον,
650 4035 796 4088 Minatus
812 4035 846 4088 de
858 4055 890 4088 eo
907 4037 944 4088 ita
960 4036 1058 4092 babet:
1099 4033 1130 4086 lis
1142 4033 1284 4104 descriptio
1303 4035 1369 4086 mira
1386 4052 1429 4106 ap.
1452 4033 1567 4088 Plinium
1582 4051 1671 4086 renim
1687 4034 1889 4104 perturbatione

275 4148 289 4168 ι
304 4123 404 4174 Notum
416 4133 499 4187 graece
511 4114 670 4185 θυμιατήριον
681 4131 739 4167 esse
749 4133 868 4168 acerram
886 4115 926 4168 vel
939 4115 1062 4168 tburibu·
1099 4112 1215 4177 laborat3
1231 4113 1283 4166 boc
1296 4131 1358 4166 vero
1369 4113 1427 4166 loco
1439 4131 1519 4184 quam
1534 4131 1629 4185 parum
1645 4123 1782 4167 accuratus
1795 4126 1889 4168 auctor

274 4203 340 4264 lum,
355 4217 410 4270 quo
426 4197 535 4250 nonrine
553 4211 601 4247 cur
615 4194 751 4247 Pboeoiees
763 4194 856 4246 urbem
875 4195 1062 4265 appellaverint
1099 4194 1142 4257 sit,
1155 4193 1193 4245 vel
1207 4211 1238 4245 ox
1253 4191 1384 4246 distantiis
1396 4211 1460 4263 quas
1471 4193 1540 4245 inter
1553 4192 1649 4245 Lixum
1665 4202 1689 4244 et
1707 4192 1795 4246 Subur
1804 4205 1830 4246 et
1841 4197 1888 4246 Sn-

274 4299 354 4334 nemo
367 4278 441 4332 facile
453 4275 560 4327 dixerit.
582 4271 634 4328 Sed
646 4272 719 4344 qnod
739 4292 755 4326 a
771 4275 870 4327 Grac-is
887 4275 983 4344 passim
1005 4275 1060 4328 ficri
1100 4272 1150 4325 lam
1161 4273 1255 4325 llnvios
1270 4290 1326 4325 esse
1338 4272 1413 4336 dicit,
1423 4272 1481 4324 luoe
1492 4272 1587 4326 clarius
1597 4273 1785 4325 est.1tinerarii
1795 4283 1889 4326 auctor

271 4360 327 4432 jain
346 4359 408 4412 alibi
429 4355 588 4417 notavimus,
612 4354 751 4406 lhnnonis
772 4354 901 4423 interpres
921 4352 1060 4405 banaiam
1099 4354 1144 4422 qui
1159 4351 1192 4406 ad
1207 4352 1295 4405 Subur
1308 4351 1569 4406 llnv.'1'hamusidam
1584 4353 1671 4422 ponit,
1687 4350 1888 4406 indeadBana-

274 4457 366 4494 vooem
377 4439 413 4490 ita
424 4434 545 4498 mollivit,
563 4449 598 4486 ne
615 4431 721 4484 laederet
739 4448 816 4484 aures
831 4433 941 4485 Atticas.
960 4433 1062 4502 Nempe
1099 4449 1154 4484 earn
1168 4430 1252 4503 (hod.
1274 4435 1357 4484 Vetus
1371 4435 1493 4485 Memora
1510 4449 1561 4484 sec.
1580 4431 1719 4501 anieum,
1734 4441 1780 4482 aut
1804 4435 1888 4483 anrer

273 4537 366 4572 verum
381 4516 453 4569 urbis
465 4529 561 4566 tromen
574 4521 631 4564 erat
644 4525 786 4574 :tranum
801 4509 965 4572 Drerueetirier,
987 4513 1061 4579 qnasi
1099 4527 1151 4562 sec.
1165 4511 1284 4580 Graberg
1294 4510 1322 4563 di
1334 4509 1450 4581 Hernso)
1464 4511 1570 4578 triginta
1580 4509 1636 4562 dno
1648 4509 1727 4562 millia
1742 4527 1798 4562 esse
1811 4511 1886 4563 dicit.

273 4599 376 4653 πεδιάδα
390 4595 497 4657 dixeris,
519 4590 547 4643 id
567 4601 615 4655 ost,
636 4596 808 4663 campestrem
829 4589 932 4642 urbem.
948 4589 1062 4643 Ambice
1099 4592 1190 4656 Quare
1199 4590 1522 4660 mirorlllannertnmlx,
1536 4605 1602 4659 a,p.
1616 4587 1888 4660 471),qninnmcros

274 4677 366 4731 saltem
378 4677 405 4726 in
418 4675 524 4742 Giggeis
532 4684 664 4734 arnum,
679 4669 825 4729 durrratlrir.
841 4680 866 4720 et
875 4681 972 4730 anm.
986 4668 1062 4720 deern-
1099 4671 1228 4722 itinerarii
1238 4668 1366 4722 mutando
1377 4669 1410 4722 ad
1422 4686 1557 4740 perversas
1570 4668 1647 4722 Plinii
1660 4670 1775 4721 rationes
1784 4687 1888 4722 aerom-

275 4758 343 4816 τιον,
354 4765 394 4807 cst
410 4750 678 4824 ecrmptma,·u1ue
687 4751 800 4820 petitum
815 4747 889 4800 urbis
903 4766 1001 4802 nomen
1014 4747 1061 4800 dn-
1099 4747 1208 4802 enodare
1222 4746 1321 4800 studet.
1343 4749 1426 4816 Magis
1440 4749 1517 4801 etiam
1537 4747 1658 4800 turbatus
1676 4758 1715 4800 est
1731 4748 1888 4802 Ptolemaeus

274 4847 335 4888 cent
357 4835 411 4905 ipsa
429 4833 509 4884 verba
521 4831 659 4884 ltnononis
679 4845 685 4881 :
706 4828 835 4898 lasloapsr
850 4831 949 4898 ιφώτην
967 4828 1058 4893 πόλιν,
1099 4829 1149 4891 IV,
1162 4844 1187 4891 1,
1198 4845 1224 4898 p.
1234 4827 1336 4880 staret.
1348 4829 1388 4881 W
1391 4827 1502 4898 ilb.,qui
1511 4837 1537 4880 ot
1546 4829 1671 4880 Βιιιιιειιιιι
1682 4837 1708 4880 et
1717 4827 1888 4881 Tamasidam

273 4915 360 4979 ἥντινα
384 4912 550 4980 ὠνομάσαμεν
572 4909 746 4979 (rapuerimus-
769 4908 853 4961 πεδίον
876 4908 898 4958 δ’
912 4905 975 4978 riq]
997 4909 1061 4978 μέγα
1100 4905 1240 4960 auteridie
1258 4906 1346 4959 Subur
1364 4907 1437 4958 llnvii
1457 4907 1541 4977 ponit.
1580 4905 1661 4974 Quod
1674 4907 1831 4960 recentiores
1848 4919 1888 4961 at·

273 4995 346 5060 ·ἱιπῆι.
368 4993 399 5046 bl
411 5011 461 5064 pru
473 4991 522 5062 γὰρ
533 4992 586 5044 boc
598 4991 657 5044 loco
674 4994 814 5053 sumimus,
833 4999 863 5042 ut
879 4991 974 5060 passim
988 4989 1060 5059 apud
1101 4987 1176 5050 tinet,
1191 4985 1549 5056 Hecrenins'l'lrymiateriurn
1559 5004 1614 5040 esse
1623 4987 1723 5058 putavit
1731 4985 1886 5038 hodiernam

277 5074 437 5136 llomernm;
452 5072 515 5140 qnia
532 5069 602 5123 nulla
612 5079 720 5141 apparet
732 5083 810 5121 cansa
820 5083 870 5120 cur
881 5068 977 5120 Hanno
986 5066 1062 5121 addi·
1102 5065 1227 5128 lamehe,
1247 5064 1671 5130 errorernaoifest031llannerttrs
1686 5063 1755 5118 idem
1768 5066 1888 5134 quesivit

277 5152 345 5204 derit
357 5152 537 5222 Tlnmiaterio
551 5167 677 5220 stangnum
687 5149 793 5202 sulusse
811 5165 945 5218 campum,
966 5149 1015 5199 nisi
1033 5158 1062 5200 ut
1103 5147 1129 5198 in
1146 5148 1173 5198 V
1173 5144 1241 5198 ieille
1251 5147 1382 5206 Meritone,
1398 5144 1485 5215 paullo
1503 5145 1590 5199 nrinns
1600 5161 1705 5206 erransr
1720 5145 1888 5212 Bougainvil·

273 5233 399 5283 sciremus
417 5249 543 5300 qnmsnm
560 5229 689 5301 oppidum
710 5230 746 5282 ita
765 5229 949 5281 nominaverit.
971 5251 982 5273 ·
1004 5228 1062 5280 lllo·
1102 5227 1151 5278 lius
1166 5225 1258 5278 urbem
1273 5225 1405 5278 transtulit
1426 5223 1459 5277 ad
1485 5230 1540 5296 Cup
1555 5224 1658 5287 (irretire,
1674 5240 1814 5294 quousque
1835 5241 1888 5274 non

279 5313 378 5363 rusius
387 5309 405 5362 l.
421 5310 438 5364 l.
450 5328 476 5379 p.
490 5311 648 5382 itiinorrrcn
658 5309 834 5378 θιμιιιτήριον,
845 5307 932 5378 quoad
947 5306 1057 5360 sormam
1101 5305 1215 5358 (luorum
1229 5303 1274 5357 scd
1287 5305 1404 5374 quinque
1415 5301 1518 5356 dierum
1530 5304 1693 5373 navigatione
1704 5318 1771 5372 opus
1786 5299 1885 5353 luisset.
