3950 5925
251 424 287 477 ιο
768 406 968 468 uatttton‘ts
991 406 1344 477 catt'ttttuttttuttsts
1830 413 1862 491 (ri

249 547 276 605 ir
288 543 419 616 θαλάττης
434 541 553 703 prinpum
574 539 730 620 άμετρήτῳ,
745 532 777 611 ἧς
792 538 838 597 lul
857 536 954 618 θάτερα
967 538 1031 619 πρὸς
1076 566 1196 603 mensum
1204 550 1323 603 venimus
1330 550 1410 603 maris
1422 548 1533 613 hiatum,
1544 547 1744 619 eujusabaltera
1752 561 1826 622 parte
1835 554 1865 605 in

251 630 426 713 τῇγῇπεδίον
458 655 481 689 ν·
493 627 551 689 ὅθεν
564 627 654 694 νυκτὸς
666 630 825 707 dpsnpiiper
834 631 890 705 πῦρ
901 626 1029 706 ἅναριρό·
1079 638 1231 690 continente
1251 636 1371 708 planities
1394 647 1466 699 erat;
1487 634 1559 689 unde
1584 646 1665 689 noctu
1682 639 1867 709 prospeximus

250 744 327 796 μενον
351 719 516 799 πανταχόθεν
536 720 596 778 κατ’
615 714 788 795 ἀποστάσεις,
812 715 843 773 τὸ
867 715 915 792 μὲν
939 714 1032 792 πλέον,
1079 724 1153 793 ignes
1171 722 1289 793 undique
1306 723 1448 777 emicantes
1461 740 1510 794 per
1527 722 1676 789 intervalia,
1691 733 1749 777 turn
1767 727 1865 794 magis,

249 810 314 871 τὸδ’
326 810 443 869 ἔλαττον.
1079 821 1137 865 tum
1150 812 1247 863 minus.
1280 854 1284 861 .

290 918 327 959 tt.
343 895 549 977 Ὑδρευσάμενοι
561 894 693 953 δ’*ἓκεῐθεν
708 892 837 970 ἐπλέομεν
847 894 883 959 τίς
896 891 1034 972 antipapa·
1117 902 1159 961 τό.
1180 896 1246 951 Inde
1256 898 1344 967 aquati
1355 895 1465 951 ulterius
1473 898 1652 965 navigavimus
1662 894 1739 967 juxta
1747 898 1808 951 litus
1820 916 1868 970 per

250 990 311 1045 σθεν
324 983 427 1062 ἡμέρας
443 984 519 1041 πέντε
532 982 606 1061 παρά
618 987 678 1060 γῆν,
692 982 754 1062 ἄχρι
766 982 880 1057 ἤλθομεν
899 983 935 1047 είς
950 978 1034 1057 μεΓγαν
1079 986 1135 1039 dies
1153 986 1285 1057 quinque,
1308 984 1394 1037 donec
1414 986 1442 1037 in
1463 1003 1588 1069 magnum
1611 986 1699 1039 sinum
1728 988 1867 1051 venimus,

248 1072 356 1145 κόλπον,
380 1070 409 1131 θν
432 1069 533 1152 ἔφασαν
557 1074 582 1129 οἱ
600 1070 724 1149 ίρμηνίες
743 1070 882 1129 καλεῖσθαι
902 1068 1034 1147 Ἑσπέρου
1078 1080 1158 1146 quem
1177 1074 1331 1143 interpretes
1344 1072 1563 1125 vocaridieebaut
1577 1073 1686 1143 Hesperi
1698 1074 1798 1127 Cornu.
1837 1077 1869 1125 ln

211 1205 227 1223 s
248 1160 347 1243 Κίρας.
390 1158 439 1221 Ἐν
460 1159 489 1218 δά
508 1157 593 1238 τούτῳ
616 1163 694 1231 νῆσος
713 1150 746 1231 ἦν
762 1158 865 1236 μεγάλη
887 1157 934 1216 καί
954 1159 981 1215 ἐν
1001 1161 1034 1235 τῇ
1079 1180 1111 1214 eo
1126 1160 1210 1215 insula
1227 1170 1284 1213 erat
1294 1177 1399 1229 magna,
1415 1170 1441 1213 et
1453 1161 1480 1213 in
1496 1160 1581 1213 insula
1599 1160 1670 1213 lacus
1690 1162 1818 1227 marinus,
1842 1162 1871 1213 in

247 1403 285 1414 —
297 1366 314 1439 ἦ
320 1395 331 1435 ς
352 1372 401 1427 ἐπὶ
420 1373 537 1443 θάτερα
556 1372 621 1425 κτλ.
632 1372 815 1441 ]Cencinnius
836 1370 904 1423 foret
918 1365 947 1421 οὗ
959 1369 999 1423 ἐπὶ
1014 1370 1037 1422 θ.
1083 1368 1225 1421 fluviorum
1235 1366 1291 1439 (rio
1298 1367 1369 1419 Gela
1376 1377 1401 1419 et
1409 1366 1449 1419 rio
1456 1364 1680 1437 Grande)allurie
1687 1366 1740 1418 sint
1750 1376 1871 1434 aggestae.

248 1453 344 1522 Ingens
358 1452 401 1505 ille
416 1452 503 1505 hiatus
520 1469 600 1521 quem
619 1452 731 1503 marein
748 1461 845 1503 terram
865 1468 893 1501 se
904 1450 1040 1501 insinuans
1081 1448 1113 1501 Id
1128 1466 1190 1501 vero
1202 1465 1283 1517 genus
1298 1446 1389 1498 insulae
1400 1464 1483 1518 quum
1497 1447 1579 1499 varias
1589 1445 1701 1499 subinde
1711 1446 1873 1498 mutationes

248 1531 389 1596 efficiebat,
403 1530 531 1601 cujusque
547 1530 581 1584 ab
592 1530 674 1583 altero
686 1529 766 1583 latere
781 1530 809 1582 in
823 1530 975 1583 continente
986 1528 1041 1599 pla·
1081 1528 1135 1597 pati
1150 1526 1259 1590 soleant,
1274 1524 1340 1577 nihil
1353 1543 1409 1577 esse
1421 1522 1583 1588 mirandum,
1596 1526 1617 1575 si
1629 1524 1713 1577 insula
1726 1522 1794 1587 talis,
1806 1543 1874 1595 qua-

249 1614 327 1665 nities
340 1623 412 1677 erat,
427 1611 493 1664 dum
507 1612 542 1665 ad
560 1611 672 1665 alterum
690 1611 758 1664 latus
772 1622 875 1664 montes
887 1608 968 1662 modo
986 1627 1041 1662 me-
1082 1605 1134 1658 lem
1154 1606 1250 1657 Hanno
1273 1602 1383 1668 viderit,
1397 1602 1478 1655 hodie
1495 1620 1549 1657 non
1568 1602 1679 1673 amplius
1694 1614 1788 1655 exstet.
1809 1605 1875 1656 Haec

249 1694 345 1745 irrorati
356 1691 559 1763 pertingebant:
573 1692 596 1743 is
607 1691 705 1757 hiatus,
713 1692 832 1761 inquam,
845 1689 953 1758 intelligi
962 1688 1042 1742 debet
1083 1684 1235 1737 llennelius.
1255 1684 1502 1754 Interpretationem
1516 1683 1565 1735 riri
1585 1682 1728 1735 doctissimi
1745 1701 1778 1735 ex
1796 1701 1876 1737 accu-

249 1770 300 1823 late
321 1770 436 1823 effusum
456 1771 554 1823 esuum
575 1770 694 1823 Gambiae
711 1770 786 1822 fluvii
811 1768 975 1841 (Μασιθόλου
996 1785 1039 1839 ap.
1082 1764 1224 1817 ratioribus
1245 1764 1328 1817 nostri
1349 1763 1397 1815 aevi
1418 1764 1521 1834 mappis
1546 1763 1683 1815 maritimis
1708 1762 1876 1817 confirmabo
1966 1774 1967 1777 ’

249 1850 362 1904 Ptolem.
373 1868 401 1921 p.
413 1866 475 1919 τρο,
490 1849 549 1921 13),
560 1861 591 1902 ut
600 1860 671 1903 recte
678 1859 768 1903 censet
777 1848 920 1902 Rennelius
931 1846 1039 1919 (Geogr.
1082 1843 1161 1896 simul
1183 1853 1210 1896 et
1232 1841 1389 1895 emendabo.
1412 1842 1544 1894 Nimirum
1561 1840 1645 1895 insula
1665 1843 1714 1895 ista
1735 1842 1876 1913 singularis

249 1940 315 1998 synt.
338 1928 374 1998 of
389 1928 514 1981 Herodot.
537 1946 565 1999 p.
582 1929 663 2000 719),
684 1930 726 1981 vir
741 1945 831 1980 rerum
847 1928 1041 1980 maritimarum
1082 1920 1160 1993 plane
1181 1921 1287 1985 formae,
1310 1938 1369 1990 quae
1385 1919 1461 1972 aliam
1482 1920 1594 1973 insulam
1607 1919 1771 1987 includebat,
1793 1924 1876 1977 etiam

249 2009 439 2079 peritissimus,
460 2009 507 2079 qui
527 2006 561 2061 de
583 2018 717 2080 postrema
739 2007 835 2077 Peripli
858 2008 942 2059 nostri
965 2017 1041 2077 parte
1083 2018 1168 2073 nunc,
1188 2000 1265 2053 sicuti
1280 2000 1418 2052 Hannonis
1435 2009 1525 2065 atate,
1547 2000 1656 2052 exsistit.
1677 1999 1763 2053 Hodie
1783 2002 1876 2073 appel-

250 2088 354 2157 ,μερὶς
375 2088 488 2151 meruit,
508 2085 637 2158 cujusque
660 2088 775 2139 rationes
791 2086 908 2138 Ulterius
933 2102 1041 2155 quoque
1083 2079 1153 2133 latur
1169 2083 1290 2147 Harang.
1315 2080 1411 2132 Hanno
1434 2096 1554 2147 maguam
1573 2078 1654 2144 dicit,
1677 2098 1708 2132 ae
1730 2098 1822 2134 revera
1848 2085 1877 2136 in

249 2166 381 2237 probarit.
397 2166 577 2220 Latitudinem
591 2166 710 2219 Gambiae
726 2165 873 2218 aderitum
893 2167 977 2218 tio-80
992 2175 1042 2218 sta·
1084 2158 1136 2213 boc
1150 2158 1315 2231 archipelago
1336 2159 1457 2211 omnium
1477 2158 1744 2213 marturanensis
1763 2162 1791 2213 in
1814 2180 1877 2215 eam

250 2241 358 2297 diorum
371 2262 427 2298 esse
438 2242 519 2296 tradit
530 2243 698 2297 Cadamosto.
717 2247 757 2297 Ac
768 2254 841 2296 tanto
856 2242 957 2295 facilius
975 2244 1043 2295 acci·
1084 2256 1133 2309 per
1144 2238 1232 2291 fauces
1244 2240 1345 2291 intrans
1361 2236 1478 2308 amplum
1492 2238 1580 2290 sinum
1594 2236 1634 2291 vel
1651 2240 1739 2309 potius
1753 2240 1877 2311 λιμνοθά-

251 2319 292 2373 dit
303 2332 333 2374 ut
346 2322 444 2374 ostium
458 2322 531 2373 fluvii
543 2340 593 2392 pro
607 2323 687 2375 maris
697 2322 772 2375 hiatu
783 2322 935 2387 haberetur,
945 2323 966 2373 si
976 2340 1042 2392 prae-
1084 2310 1179 2371 λασσαν
1194 2317 1303 2390 (λίμνην
1318 2316 1465 2385 θαλασοιθδη
1476 2318 1595 2388 Periplus
1603 2317 1683 2371 habet
1693 2317 1701 2391 )
1712 2318 1802 2385 eflicit,
1814 2340 1878 2391 quae

253 2401 428 2471 ternavigasse
437 2401 597 2453 Hannonem
608 2411 752 2453 statuamus
761 2419 851 2455 mense
862 2399 1042 2469 Octobri,seu
1085 2400 1141 2468 ipsa
1153 2398 1259 2451 alteram
1272 2395 1343 2451 hand
1354 2399 1475 2467 exiguam
1487 2397 1598 2450 insulam
1609 2400 1738 2451 continet.
1752 2400 1814 2452 Hac
1826 2401 1879 2471 igi·

251 2480 320 2532 sicea
330 2481 394 2533 anni
405 2490 569 2552 tempestate,
581 2497 634 2549 qua
645 2480 741 2533 fluvius
751 2498 834 2551 purus
846 2478 905 2533 fluit
913 2478 1043 2551 placidus·
1085 2486 1130 2527 tur
1145 2476 1178 2528 ita
1192 2487 1342 2547 comparata
1355 2488 1430 2543 sunt,
1443 2487 1475 2529 ut
1490 2475 1524 2529 de
1537 2476 1596 2529 loco
1608 2478 1649 2529 cui
1662 2478 1735 2529 sinus
1753 2476 1875 2549 Ἔτι-,ἔρον

252 2575 314 2629 que.
329 2560 389 2612 Hoc
407 2569 494 2611 autem
514 2569 620 2630 tempus
637 2560 739 2611 itineris
759 2558 838 2611 fuisse
858 2577 891 2611 ex
910 2576 943 2611 eo
963 2558 1042 2611 ctiam
1085 2556 1155 2625 κέρας
1178 2554 1350 2623 assignandus
1370 2556 1420 2621 sit,
1442 2556 1530 2609 omnis
1550 2555 1709 2627 praecidatur
1731 2554 1875 2613 dubitatio.

255 2635 433 2701 concluditur,
453 2636 526 2707 quod
539 2637 629 2689 herbae
644 2638 778 2690 exsiccatae
791 2648 855 2690 tunc
875 2636 981 2690 incendi
1002 2656 1043 2689 so·
1085 2636 1217 2687 Errnrunt
1229 2634 1448 2702 Bougainrillius,
1463 2634 1619 2698 Danvillius,
1631 2636 1795 2701 Mannertus,
1812 2638 1876 2705 alii,

252 2713 323 2780 lent;
341 2714 416 2785 cujus
434 2714 550 2768 incendii
565 2716 683 2768 flammas
699 2718 865 2785 agnoscimus
883 2718 912 2768 in
926 2717 1043 2769 ssumini-
1085 2716 1130 2784 qui
1147 2713 1266 2785 Ἑσπέρου
1278 2714 1347 2785 κέρας
1361 2732 1414 2766 non
1429 2715 1517 2767 sinunt
1529 2713 1575 2767 sed
1587 2716 1799 2785 promontorium
1818 2736 1878 2771 esse

254 2794 304 2846 bus
316 2794 365 2847 illis
376 2795 469 2864 igneis,
480 2812 539 2865 quae
547 2804 735 2866 praetereuntes
746 2796 971 2864 Carthaginienses
980 2814 1044 2849 con·
1085 2804 1229 2865 putarunt,
1244 2796 1307 2865 quia
1321 2794 1431 2847 seriores
1451 2793 1591 2864 geographi
1612 2793 1646 2846 ad
1662 2798 1878 2864 promontorium

253 2883 406 2944 spexerunt.
420 2872 431 2939 11
445 2872 600 2935 -νυκτός
617 2872 804 2945 άρεωρῶμεν
823 2875 978 2945 rripJCf.§
991 2879 1041 2938 141
1087 2891 1184 2927 nornen
1205 2874 1257 2927 hoc
1279 2873 1478 2927 transtulerunt.
1502 2873 1550 2925 His
1571 2870 1640 2925 adde
1662 2871 1789 2941 Hlugium
1811 2879 1875 2946 qui,

254 2951 345 3024 ἡμέρας
359 2950 402 3024 μὲν
416 2950 485 3006 οὐδὲν
499 2950 646 3024 άφειυρῶμεν
659 2953 697 3006 ὅτι
710 2950 743 3025 μὴ
758 2952 833 3020 θλην.
847 2952 932 3015 νυκτός
941 2952 967 3006 δὲ
980 2955 1044 3027 πυρά
1091 2980 1102 3000 ι
1117 2954 1287 3009 Manifestum
1301 2964 1357 3020 est,
1371 2954 1474 3024 inquit,
1490 2952 1511 3006 si
1523 2951 1635 3006 Diodori
1654 2964 1679 3006 et
1692 2952 1770 3007 Plinii
1785 2974 1879 3010 narra·

254 3055 282 3090 τε
296 3037 379 3091 πολλά
390 3036 458 3102 κτλ,
473 3036 566 3107 ibique
579 3047 635 3089 not.
1087 3035 1187 3088 tionem
1201 3052 1262 3087 eum
1274 3032 1379 3104 Periplo
1391 3031 1521 3098 conferas,
1541 3032 1610 3086 hanc
1620 3050 1694 3086 oram
1709 3033 1811 3106 (prope
1823 3056 1878 3110 cap

290 3117 361 3183 ςτθ.
377 3114 496 3169 κόλπον
511 3111 782 3187 ‘Euripoullipad
793 3115 868 3186 Κέρας
886 3115 1044 3172 vocabulum
1089 3113 1175 3186 Vert)
1191 3127 1280 3166 versus
1291 3111 1455 3164 occidentem
1471 3112 1575 3165 itaesse
1593 3113 1622 3166 in
1644 3131 1716 3166 mare
1730 3113 1878 3185 projectam

254 3193 410 3266 plerumque
421 3193 456 3248 de
465 3196 595 3248 montium
607 3194 749 3248 verticibus
762 3193 802 3248 vel
811 3195 845 3247 de
854 3199 1045 3266 promontoriis
1087 3202 1113 3244 et
1124 3193 1337 3263 promontorium
1349 3209 1411 3245 curn
1426 3193 1486 3244 sinu
1499 3193 1535 3244 ita
1546 3193 1672 3256 eminere,
1685 3203 1715 3246 ut
1726 3205 1878 3250 extremum

255 3275 285 3326 in
304 3292 376 3327 mare
389 3274 589 3329 excurrentibus
609 3286 754 3346 usurpant3
769 3293 964 3346 nonnunquam
981 3295 1045 3330 vero
1088 3270 1167 3342 idque
1186 3271 1309 3325 ultimum
1322 3271 1412 3342 Libyae
1433 3281 1512 3343 caput
1531 3271 1713 3340 navigantibus
1726 3283 1876 3343 putaretur,

255 3352 335 3406 etiam
356 3352 499 3406 fluviorum
515 3355 582 3406 ‹stia
596 3364 721 3424 tanquam
743 3353 843 3406 Oceani
859 3371 977 3420 cornua,
996 3373 1045 3408 nec
1088 3368 1167 3422 supra
1180 3350 1253 3422 quod
1273 3370 1363 3404 versus
1376 3349 1541 3405 occidentem
1557 3351 1658 3405 nullum
1674 3353 1785 3424 amplius
1804 3356 1879 3409 inve-

255 3449 311 3484 non
324 3432 404 3483 maris
415 3433 487 3484 sinus
498 3442 616 3486 tortuose
625 3432 652 3484 in
667 3443 763 3485 terram
775 3443 943 3502 penetrantes
952 3433 1044 3488 eadem
1088 3431 1199 3484 niretur.
1215 3430 1258 3484 Ab
1273 3430 1324 3483 hac
1343 3440 1418 3502 parte
1430 3447 1476 3483 ora
1496 3447 1587 3482 versus
1603 3430 1741 3484 meridiem
1761 3431 1879 3486 flectitur

256 3517 325 3563 τουτ’
332 3509 528 3565 describuntur.
548 3513 591 3565 Sic
605 3511 759 3582 Apollonios
771 3510 858 3563 lthod.
878 3515 929 3577 lv,
945 3517 997 3567 282
1011 3514 1045 3568 de
1087 3520 1115 3562 et
1126 3528 1224 3564 novum
1234 3509 1382 3564 anfractum
1393 3507 1473 3561 efficit
1483 3527 1566 3580 usque
1579 3507 1613 3562 ad
1622 3513 1835 3580 promontorium
1849 3515 1877 3566 in

255 3589 343 3642 buo:
358 3587 450 3641 θπατον
471 3591 540 3661 κέρας
557 3589 703 3653 Ὠκεανοῖο,
718 3590 764 3642 ubi
779 3590 935 3643 scholiasta:
950 3591 1045 3663 Κίρατα
1088 3590 1193 3662 Periplo
1206 3590 1288 3643 Νότου
1302 3590 1372 3660 κίρας
1385 3589 1550 3642 nominatum
1565 3591 1617 3656 [In
1632 3589 1801 3660 Peripfonon
1812 3610 1878 3664 pre·

256 3666 357 3736 λίγουστ
368 3669 411 3719 τοῦ
429 3665 549 3719 Ὠκεανοῦ
567 3670 658 3730 πάντας
669 3669 725 3729 τοὶτς
736 3668 862 3739 ποταμοὶις
875 3669 930 3731 relic
941 3669 982 3724 άπ’
1001 3671 1044 3724 αὖ·
1089 3669 1254 3732 amatorium,
1267 3667 1315 3721 sed
1328 3667 1389 3720 item
1403 3667 1495 3729 κόλπος
1508 3667 1659 3739 appellatur
1667 3672 1690 3736 ],
1706 3669 1778 3739 quod
1789 3681 1878 3724 extre·

256 3747 301 3796 τοθ
314 3746 530 3816 καταφερομένους.
545 3747 675 3800 Hesiodus
687 3765 730 3820 ap.
744 3747 869 3820 Apellen.
885 3751 950 3802 Iex.
961 3751 1042 3804 Hom.
1089 3765 1162 3801 mum
1177 3747 1272 3802 Africae
1289 3748 1408 3800 australis
1422 3745 1587 3812 credebatur,
1603 3765 1685 3818 quum
1703 3765 1736 3801 ex
1757 3760 1876 3804 veterum

257 3841 280 3876 s.
290 3841 317 3875 v.
327 3823 423 3885 Φοῖόος
433 3843 438 3854 ·
448 3824 545 3878 Φοῖόον
556 3825 621 3896 ὕδωρ
633 3826 732 3897 ἐπάγων
740 3829 808 3898 κέρας
821 3827 952 3880 Ὠκεανοῖο
961 3827 1042 3901 ῥοῇσι,
1089 3827 1214 3895 opinione
1227 3845 1273 3880 ora
1287 3837 1351 3879 tunc
1367 3826 1401 3880 ad
1415 3825 1557 3896 AEgyptum
1577 3838 1603 3880 et
1618 3829 1705 3880 Asiam
1720 3827 1875 3894 inclinaret,

257 3901 300 3956 cs,
312 3902 434 3974 ¹llincyd,
445 3905 469 3968 Ι,
483 3920 544 3970 110,
555 3907 600 3976 qui
610 3905 776 3958 Mendesium
787 3907 838 3959 NJti
849 3909 946 3959 ostium
956 3909 1045 3979 appel.
1089 3904 1158 3956 inter
1174 3907 1375 3976 septemtriones
1389 3916 1416 3960 et
1429 3907 1558 3958 orientem
1579 3916 1693 3960 extenta.
1709 3909 1743 3960 Et
1756 3908 1877 3978 profecto

256 3981 293 4034 lat
306 3981 335 4035 τό
349 3981 488 4048 Μενδήσιον
502 3983 580 4054 κέρας.
596 3984 690 4036 Strabo
701 4003 729 4056 p.
745 3985 807 4048 458.
825 3987 945 4039 Eustath.
961 3986 996 4038 ad
1009 3989 1043 4041 D.
1089 4001 1135 4036 ora
1147 3983 1210 4036 ltine
1226 3986 1313 4038 statim
1327 4003 1417 4038 versus
1431 3985 1559 4037 orientem
1580 3985 1703 4052 flectitur,
1723 3998 1753 4040 ut
1765 3990 1876 4042 omnino

256 4061 319 4124 431.
340 4062 421 4114 ldaris
438 4079 501 4115 vero
520 4064 593 4114 sinus
606 4062 680 4133 Κέρας
697 4064 804 4117 nomine
823 4075 880 4117 erat
892 4064 926 4118 ad
946 4068 1045 4137 Byzan·
1089 4073 1236 4117 extremum
1248 4073 1326 4134 eaput
1337 4081 1426 4117 versus
1438 4075 1556 4117 austrum
1567 4066 1646 4117 situm
1663 4065 1790 4119 rideatur.
1805 4069 1877 4136 Ergo

256 4141 342 4193 tium:
357 4141 482 4203 κόλπος...
500 4139 578 4202 ἐοικός
590 4140 681 4211 ἔλάρον
698 4143 794 4212 κέρατι·
809 4143 842 4205 είς
855 4143 903 4215 γάρ
917 4145 1046 4210 πλείστους
1089 4153 1160 4196 totus
1176 4142 1220 4196 bic
1234 4153 1310 4196 terrae
1330 4154 1428 4196 tractus
1449 4145 1522 4214 quia
1540 4147 1725 4215 promontorio
1746 4147 1876 4218 Hesperio

257 4220 368 4290 σχίζεται
392 4219 507 4286 κόλπους,
528 4221 562 4283 ὡς
582 4221 611 4273 ἂν
632 4220 737 4282 κλάδους
759 4223 825 4284 τινάς
844 4223 953 4296 (Strabo
972 4227 1043 4292 Vll,
1091 4222 1100 4295 (
1115 4221 1232 4293 Ἑσπέρου
1242 4222 1327 4295 κέρας)
1341 4225 1433 4295 incipit
1443 4233 1470 4276 et
1486 4225 1617 4293 ingentem
1631 4224 1777 4278 anfractum
1791 4245 1876 4298 usique

256 4316 284 4370 p.
306 4299 388 4372 320).
408 4299 509 4353 Eodem
531 4301 611 4370 igitur
633 4296 712 4352 sensti
725 4300 820 4372 Peripli
841 4313 934 4356 auctor
951 4323 1043 4358 rocem
1089 4301 1123 4354 ad
1143 4303 1356 4375 promontorium
1377 4302 1499 4356 Australe
1523 4303 1532 4374 (
1544 4302 1624 4356 Νότου
1645 4303 1731 4376 κέρας)
1760 4304 1874 4371 format,

256 4377 373 4432 adhibet.
388 4380 480 4433 Sinum
495 4399 558 4433 vero
573 4379 733 4444 llennelius,
747 4379 907 4451 suffragante
920 4383 1042 4450 Ulterto,
1089 4393 1160 4436 recte
1177 4397 1237 4434 cum
1259 4381 1341 4450 ligma
1361 4398 1446 4434 eornu
1464 4393 1641 4452 comparum,
1662 4381 1736 4452 cujus
1750 4394 1876 4438 esuumae

257 4457 364 4527 intelligi
380 4455 457 4528 jubet
476 4477 538 4511 eum
560 4460 606 4529 qui
632 4475 705 4511 nunc
728 4470 838 4512 vocatur
858 4460 969 4529 Bissago
988 4464 1044 4516 sive
1089 4471 1176 4531 partes
1192 4462 1244 4514 sint
1261 4458 1379 4531 Ἑσπέρου
1397 4461 1466 4532 κέρας
1483 4471 1509 4514 et
1523 4460 1692 4531 Νότουκίρας.
1706 4461 1874 4517 llludautem

258 4533 368 4598 Bissao,·
382 4536 493 4589 insulam
508 4547 596 4590 autem
609 4535 643 4590 ab
656 4539 786 4591 Hannone
800 4550 973 4594 memoratam
987 4561 1044 4596 esse
1089 4550 1130 4593 est
1148 4552 1230 4612 raptat
1250 4543 1277 4593 V
1277 4539 1344 4592 iride
1357 4539 1440 4612 (capo
1455 4543 1484 4593 V
1481 4539 1568 4613 crde),
1586 4539 1697 4594 alterum
1713 4559 1776 4594 vero
1793 4556 1875 4615 capnt

257 4623 332 4684 putat
344 4613 499 4669 hodiernam
511 4615 614 4668 Bitiam.
625 4617 693 4669 Nam
706 4619 822 4688 primum
832 4619 884 4671 huc
894 4618 1044 4674 conducere
1089 4618 1205 4672 thbntm
1221 4618 1230 4690 (
1239 4637 1305 4691 capo
1321 4618 1413 4691 flexo)
1430 4636 1490 4671 cum
1503 4621 1563 4672 sinu
1575 4637 1633 4673 suo.
1651 4645 1662 4666 ι
1678 4621 1740 4672 Hac
1751 4621 1876 4692 probabi·

257 4691 407 4758 distantiam
421 4697 509 4749 sinum
528 4697 607 4750 istum
622 4697 656 4749 ab
674 4699 742 4750 ostio
755 4697 874 4751 Gambiae
885 4699 975 4753 abesse
995 4718 1045 4770 τρο
1089 4697 1148 4752 liter
1167 4698 1298 4770 disputata
1316 4716 1372 4751 esse
1395 4697 1478 4752 videri
1499 4709 1620 4769 possent,
1646 4701 1667 4751 si
1690 4701 1747 4770 ipso
1770 4703 1875 4772 Periplo

257 4772 338 4826 millia
352 4774 482 4827 maritima
501 4773 592 4846 (¹90⁰
606 4775 721 4849 stadia),
743 4775 837 4830 Bulnrn
859 4777 971 4832 insulam
984 4781 1044 4832 mil·
1090 4787 1180 4830 nostro
1192 4793 1340 4830 careremus
1359 4787 1386 4830 et
1405 4778 1510 4830 serioris
1530 4787 1632 4830 tantum
1650 4778 1698 4830 aevi
1719 4779 1875 4832 testimoniis

257 4851 291 4905 lia
305 4869 374 4919 ²⁰03
390 4851 417 4904 id
428 4855 505 4924 spatii
523 4855 689 4908 intervallum
703 4853 797 4908 eadere
809 4857 837 4908 in
857 4857 976 4928 quinque
989 4857 1044 4912 die-
1089 4874 1130 4909 res
1145 4855 1309 4928 profliganda
1324 4867 1400 4909 esset.
1418 4857 1486 4910 Nam
1498 4867 1660 4928 quantopere
1682 4855 1738 4910 hare
1756 4858 1790 4910 alr
1804 4860 1876 4912 Han·

257 4948 317 4983 rum
332 4931 541 5002 navigationem,
559 4951 641 5004 quum
654 4935 688 4988 38
703 4933 758 4988 fere
772 4934 852 4987 millia
864 4934 874 5006 f
886 4936 939 4989 380
952 4935 1020 4989 stad.
1033 4937 1042 5009 )
1089 4937 1165 4988 nonis
1176 4934 1261 4988 verbis
1270 4935 1438 5002 abhorreant,
1449 4937 1510 4989 satis
1519 4946 1599 5007 patet.
1613 4939 1649 4990 Ut
1659 4954 1742 4990 unum
1754 4936 1873 5004 afferam,

258 5011 285 5062 in
299 5009 414 5080 singulos
432 5009 488 5064 dies
501 5009 694 5066 dinumeranda
708 5014 779 5079 τίοι,
793 5012 890 5066 deinde
904 5025 993 5068 autem
1006 5019 1044 5070 τιέ-
1089 5015 1224 5086 εμτοτιιοάο
1246 5033 1260 5068 a
1280 5016 1465 5086 promontorio
1480 5014 1567 5068 Viridi
1588 5014 1622 5068 ad
1642 5033 1730 5088 prom.
1752 5017 1875 5072 Rubrum

258 5107 301 5158 ρας
311 5091 418 5143 nornine
429 5101 489 5162 apte
502 5089 632 5162 designari
644 5093 755 5162 figuram
773 5093 846 5146 sinus
857 5095 978 5146 tortuosi.
993 5099 1045 5147 Bu·
1089 5105 1188 5167 septem
1201 5093 1306 5148 dierum
1327 5097 1443 5148 iteresse
1455 5096 1557 5166 potuit,
1571 5113 1654 5166 quum
1668 5095 1875 5150 intervallumil·
1916 5101 1926 5116 '

259 5167 312 5220 tam
323 5179 400 5239 atque
411 5169 524 5241 reliquas
536 5170 615 5242 hujus
625 5171 782 5244 archipelagi
797 5172 894 5226 insulas
905 5173 1045 5228 arboribus
1089 5173 1134 5228 lud
1153 5175 1257 5228 nonnisi
1282 5177 1349 5228 1800
1369 5173 1515 5227 stadiorum
1530 5174 1582 5227 sit?
1595 5176 1712 5242 Quinam
1726 5177 1777 5228 erit
1798 5195 1875 5230 mons

258 5249 352 5314 ruere,
367 5261 483 5302 ceterum
498 5250 609 5304 htnnilcs
623 5270 688 5316 esse,
704 5253 801 5324 quippe
814 5271 873 5324 quae
887 5272 1043 5325 magnorum
1090 5253 1157 5308 θεῶν
1171 5253 1275 5326 ὄχημα.)
1288 5255 1404 5321 Quinam
1421 5265 1523 5308 montes
1540 5254 1574 5306 illi
1589 5254 1695 5320 silvosi,
1709 5255 1754 5324 qui
1774 5266 1874 5328 septem
