3950 5925
115 422 146 501 (ι)
822 424 1022 489 renierus.
1128 486 1136 498 ,
1715 454 1732 503 a

111 552 181 659 ριιιόν
191 573 220 609 τε
231 554 321 631 τεῖχος
332 551 380 611 καὶ
402 550 506 625 Γύττην
526 553 570 612 xel
585 552 682 635 Ἂκραν
700 554 745 613 xal
760 554 895 615 Μέλιτταν
939 584 986 619 ens
1003 586 1095 622 murus
1113 580 1139 623 et
1154 571 1234 642 Gytte
1254 582 1281 625 et
1298 576 1367 627 Aera
1388 585 1415 629 ct
1435 576 1534 631 Melitta
1555 579 1671 652 (Melite
1685 582 1693 653 )
1708 592 1732 635 rt

108 639 153 697 καὶ
170 638 312 718 Ᾱραμὸυν.
942 655 1082 726 Arambys.

146 748 169 785 s.
193 730 325 787 Κάκεῖθεν
340 728 365 786 δ’
380 728 535 808 ἀναχθέντες
550 729 664 807 ἤλθομεν
680 731 724 789 inl
738 729 823 809 μέγαν
843 754 896 790 πο·
976 747 1002 795 6.
1024 745 1093 797 Hinc
1109 748 1190 799 erecti
1205 747 1239 801 ad
1259 751 1355 805 Lixum
1372 752 1470 806 ilumen
1485 774 1610 827 magnum
1623 758 1730 813 deveni-

11 833 12 840 *
108 814 192 892 rapha
204 815 368 889 hiiendrt'o
377 817 648 899 τῆςΔιὸύηςρίοντα.
692 817 895 898 neptitatem
939 848 1009 895 mus,
1021 831 1122 901 quode
1140 834 1223 905 Libya
1233 836 1300 889 iluit.
1338 840 1418 891 Juxta
1432 839 1458 891 id
1472 841 1597 895 nomades
1609 842 1730 899 homines

113 934 1714 967 Ἣ

108 992 241 1035 serratum
260 1002 317 1037 mse
330 984 409 1038 donet
422 988 568 1057 saepiusque
579 988 647 1039 inter
657 986 776 1040 locorum
790 989 899 1064 uomina
943 990 1048 1058 Quibus
1066 1009 1183 1047 consona
1196 994 1252 1047 haec
1267 994 1344 1048 Plinii
1356 998 1391 1061 V,
1411 1013 1421 1049 1
1441 1016 1447 1051 :
1464 1000 1596 1069 Ibisnnra
1607 1004 1732 1059 exsistere

107 1080 259 1129 occurrere,
280 1074 312 1117 ut
329 1065 357 1116 in
376 1064 461 1118 Geder
478 1066 552 1138 (los.
568 1083 613 1130 sa,
631 1067 662 1119 13
673 1066 694 1137 l,
716 1066 817 1119 Gedera
836 1067 897 1138 (ld.
944 1080 1016 1121 certa
1028 1070 1143 1137 vestigio
1156 1072 1274 1125 habitati
1288 1074 1418 1144 quondam
1431 1077 1482 1129 seli
1499 1080 1680 1152 uinearumque
1694 1100 1731 1135 re·

110 1148 152 1209 15,
175 1148 211 1199 36
221 1147 244 1219 ),
258 1148 345 1200 Gedor
357 1148 366 1220 (
377 1147 419 1201 ld.
446 1150 488 1211 15,
508 1150 541 1203 58
553 1150 581 1221 ),
602 1150 720 1212 Gadara,
742 1150 830 1203 Gudir
845 1152 900 1205 sire
945 1145 1053 1217 liquim-
1073 1148 1123 1201 Sed
1138 1150 1266 1204 Strabone
1278 1152 1344 1205 nihil
1357 1156 1514 1225 expressius,
1527 1161 1573 1228 qui
1591 1161 1618 1211 in
1633 1162 1731 1214 Mauri·

111 1225 225 1279 Gadita.
242 1227 345 1278 Verum
357 1226 460 1279 admitti
479 1228 535 1281 haec
547 1239 692 1298 nequeunt,
708 1246 791 1299 quum
804 1229 899 1301 Peripli
946 1225 1016 1277 lania
1030 1225 1119 1291 refert,
1138 1247 1171 1279 ex
1189 1230 1301 1283 aliorum
1315 1231 1377 1297 fide,
1394 1235 1464 1286 nasci
1480 1236 1558 1289 vitem
1579 1248 1632 1291 tam
1651 1245 1730 1294 crassi

108 1307 256 1358 memnoni
272 1317 429 1377 repugnem,
449 1308 517 1359 Nam
537 1306 599 1359 inde
612 1306 693 1377 “S‘fi
705 1307 779 1359 urbis
792 1308 852 1360 sinu
865 1308 899 1360 ad
944 1303 1071 1369 caudicis,
1087 1317 1117 1359 ut
1136 1326 1194 1360 eam
1206 1309 1261 1361 duo
1278 1310 1397 1363 homines
1415 1314 1458 1363 vix
1472 1314 1670 1384 amplectantur,
1691 1337 1732 1372 ra·

109 1383 218 1450 Agnder
236 1384 321 1437 stadia
342 1395 405 1437 sunt
418 1403 499 1456 supra
518 1386 627 1439 milleet
639 1386 763 1451 ducenta,
778 1403 837 1457 quae
855 1389 899 1439 vix
945 1400 1033 1435 cemos
1043 1385 1168 1437 cubitales
1176 1405 1365 1459 nonnunquam
1375 1390 1574 1460 produoenrem,
1589 1398 1731 1451 ‚Bocm

108 1462 225 1516 duorum
240 1462 358 1528 dierum,
381 1463 480 1517 nedum
502 1466 591 1528 unius,
610 1467 775 1535 navigatione
797 1468 899 1518 emetiri
945 1466 1213 1537 rus.1t10versiusp.
1236 1467 1286 1519 552
1302 1468 1367 1541 (qui
1382 1471 1504 1541 pleraque
1518 1474 1639 1527 Bocharti
1654 1495 1731 1530 cona·

109 1544 205 1595 Hanno
216 1554 331 1614 poterat.
343 1543 385 1597 Cl.
399 1553 455 1595 not.
470 1544 504 1597 ad
516 1563 542 1596 v.
557 1544 631 1615 Ἄκρα
655 1548 666 1614 ii
680 1576 716 1585 -
727 1544 825 1611 Pirrq
836 1548 846 1612 ]
860 1548 900 1597 De
945 1543 1017 1594 mina
1026 1544 1207 1615 etymologica,
1216 1552 1491 1616 tauquamterneraria,
1500 1550 1600 1623 rejicit)
1613 1553 1732 1626 Ἄραμὸυς

108 1622 336 1675 hacaliundenon
342 1633 454 1688 constat,
464 1624 513 1675 uisi
522 1622 684 1676 ionemdem
692 1634 796 1693 estque
803 1622 900 1675 Gadda
945 1619 1016 1675 idem
1028 1642 1084 1677 csse
1093 1642 1190 1678 nomen
1203 1638 1290 1679 oenset
1304 1628 1376 1699 quod
1391 1630 1532 1700 Κάραμίυςς
1547 1632 1648 1686 literam
1662 1638 1687 1688 li
1702 1638 1730 1689 in

107 1700 206 1767 dieitur
227 1703 257 1754 iu
270 1704 369 1773 Geogr.
393 1705 512 1755 harena.
530 1720 558 1773 p.
575 1708 638 1771 769,
655 1702 721 1754 ubi:
743 1702 897 1766 Tumuada,
945 1712 1036 1753 nostro
1057 1706 1164 1757 nomine
1181 1705 1221 1757 vel
1232 1708 1339 1777 periisse
1358 1708 1397 1761 vei
1412 1709 1538 1779 abjectam
1551 1730 1614 1764 esse.
1631 1714 1730 1786 Κάραμ-

107 1780 179 1843 Sele,
191 1782 333 1843 Gentiano,
344 1781 489 1843 Bubuliicu,
503 1780 677 1844 Bobbeurnir,
687 1782 774 1851 Aquis
784 1780 896 1844 Beticiq
945 1780 986 1840 ὅυς
997 1792 1094 1847 autern,
1111 1793 1203 1836 notum
1220 1786 1297 1837 Ponti
1308 1790 1531 1857 promontorium,
1544 1808 1626 1859 quurn
1649 1795 1675 1845 in
1692 1813 1731 1847 re-

108 1860 192 1921 linda,
218 1859 379 1921 Tocolosion,
392 1859 524 1922 Bobubili,
539 1859 689 1922 Boniuricis,
705 1859 811 1921 Gadda,
824 1860 896 1923 Buri,
944 1859 1022 1926 ginno
1036 1862 1069 1913 sit
1090 1863 1118 1914 in
1141 1882 1194 1933 qua
1207 1864 1286 1915 Cares
1309 1866 1458 1918 consedisse
1480 1879 1591 1933 constet,
1611 1871 1645 1923 ab
1668 1875 1730 1943 ipsis

108 1940 231 2006 Argenti.
253 1942 295 1991 Dc
318 1940 427 1991 nomine
453 1941 615 1991 Boenaarus
638 1955 645 1990 τ
667 1964 677 1984 ι
699 1940 779 2009 Gytte
802 1956 899 1991 nomen
944 1938 1055 1991 Caribus
1077 1942 1114 1993 sic
1131 1940 1231 1994 dictum
1253 1962 1309 1995 esse
1330 1944 1484 2014 lidp-apiun,
1506 1950 1729 2017 quemadmodum

108 2020 216 2071 habeta
230 2036 308 2090 pccrr,
323 2020 450 2071 utCretae
460 2018 524 2069 urbs
533 2017 700 2088 Πολνρρηνία,
715 2036 795 2088 quam
809 2020 899 2089 sicap-
943 2015 993 2069 alia
1011 2019 1088 2071 Ponti
1107 2020 1163 2073 ioca
1183 2024 1236 2073 sint
1251 2022 1376 2091 help-ouon
1400 2024 1509 2095 (Scylax
1524 2030 1539 2095 S
1556 2028 1627 2098 89),
1645 2030 1729 2085 Καρῶν

107 2098 197 2169 prilari
205 2096 300 2150 scribit
308 2098 456 2169 Stephanus
469 2096 517 2150 tet
529 2101 573 2150 τοῦ
589 2096 672 2150 πολλὰ
686 2096 898 2167 ιδιὶνειι,-·τουτείιιι
944 2093 1021 2165 λιμήν
1036 2097 1160 2167 (Αιιίιιιι.
1181 2100 1277 2171 Peripl.
1300 2104 1377 2155 Pont.
1390 2102 1411 2175 l,
1426 2104 1531 2175 Καρ-οἱα
1545 2105 1629 2177 (Ptol.
1646 2079 1698 2174 Ill,
1715 2114 1729 2164 5

107 2178 219 2246 πρὸὃιτα
237 2176 315 2246 ἔχειν.
328 2178 430 2247 Nempe
441 2178 511 2248 Syris
523 2194 576 2243 m,
591 2176 661 2243 getii,
673 2187 712 2229 est
721 2195 811 2247 pecus,
823 2175 898 2246 cnjus
943 2190 971 2243 p.
988 2192 1037 2245 199
1048 2176 1068 2247 ).
1082 2178 1155 2231 Idem
1165 2181 1245 2247 igitur
1254 2183 1333 2233 etiam
1345 2180 1379 2233 de
1392 2192 1483 2235 nostro
1494 2181 1552 2236 loco
1563 2188 1729 2243 statuendum

106 2257 208 2327 plurale
229 2270 308 2345 pm,
326 2255 438 2322 gittlrin.
463 2255 513 2309 Sed
532 2266 631 2308 veteres
653 2257 709 2308 sine
722 2254 899 2326 adspiratione
943 2272 1015 2319 esse,
1038 2256 1117 2327 idque
1134 2268 1208 2311 tauto
1221 2261 1313 2325 tutius,
1329 2278 1411 2332 quum
1426 2262 1504 2313 Cares
1519 2262 1575 2332 jam
1592 2266 1618 2317 in
1635 2267 1731 2337 Καρικῶ

106 2340 280 2407 serpserunt.
295 2335 361 2389 inde
372 2337 445 2389 Goth
457 2335 650 2389 Philistaeorum
673 2338 700 2388 in
719 2336 839 2406 Polybio,
852 2338 898 2389 Jo-
943 2334 1021 2402 eqo
1033 2335 1294 2407 deprehenderimus.
1308 2340 1370 2391 liae
1383 2356 1463 2409 quam
1479 2342 1531 2393 siut
1544 2342 1689 2413 probabilia
1702 2328 1730 2401 tir

106 2416 189 2487 sepho
202 2428 230 2470 et
239 2417 372 2488 Stephano
381 2416 572 2480 Gittndicitur,
580 2427 607 2468 et
615 2416 723 2469 aPlinio
733 2420 826 2469 Gettoe.
834 2415 899 2485 Ejus
943 2412 1041 2467 rideas.

107 2498 224 2549 nominis
239 2496 290 2549 iuit
301 2498 380 2548 etiam
392 2497 515 2548 Samariae
531 2497 613 2560 vicus,
628 2512 643 2547 e
658 2513 712 2565 quo
723 2496 814 2548 Simon
828 2495 898 2566 apud
979 2496 995 2560 S
1016 2498 1042 2545 ii.
1061 2494 1171 2565 illios]
1192 2498 1349 2550 Notissimus
1370 2508 1409 2550 est
1429 2498 1493 2551 alter
1514 2500 1592 2570 hujus
1615 2507 1730 2559 nominis

106 2577 254 2639 lustinum,
271 2574 451 2645 Epiphanium
465 2585 492 2627 et
507 2576 647 2626 Zonaram.
663 2599 674 2621 ι
694 2578 705 2644 l
725 2604 761 2614 -
780 2573 897 2645 Ἄκραν]
943 2572 1049 2638 fluvius,
1065 2576 1109 2645 qui
1120 2576 1153 2629 ad
1167 2576 1231 2629 hod.
1245 2578 1337 2629 urbem
1353 2579 1467 2631 Lnrrrclre
1482 2580 1510 2631 in
1520 2582 1654 2635 ormnem
1664 2588 1727 2641 exit.

111 2679 122 2698 ·
136 2654 211 2723 Ἄκρα
225 2664 266 2707 est
280 2668 364 2731 ⁸an
378 2653 482 2716 Helm,
499 2652 526 2705 id
542 2664 581 2705 ast
598 2672 660 2715 arx,
679 2653 793 2706 munitio
808 2679 832 2704 ι.
847 2656 898 2706 Bo-
943 2652 1013 2705 Vide
1030 2664 1085 2707 not.
1099 2654 1133 2707 ad
1147 2657 1244 2727 Scylac.
1261 2660 1346 2725 §rra
1358 2658 1484 2710 Nostrum
1502 2676 1607 2729 qnoque
1620 2662 1729 2719 llrrrium

107 2752 240 2799 caurus,
250 2734 370 2804 exempla
383 2736 463 2785 ctiam
480 2730 581 2785 addens
592 2732 689 2785 elibris
698 2735 778 2785 sacris
793 2731 899 2785 desum·
943 2730 1015 2787 idem
1026 2735 1116 2806 Scylax
1130 2734 1268 2801 memorat,
1287 2738 1337 2789 nisi
1352 2737 1425 2807 quod
1442 2736 1525 2790 codex
1538 2756 1587 2809 pro
1600 2740 1666 2804 Λιξος
1685 2744 1729 2798 ha.

106 2825 159 2883 pta,
174 2832 236 2885 quae
247 2814 345 2867 ailerre
354 2814 462 2883 longum
476 2823 572 2865 estnec
581 2814 683 2865 attinet.
696 2814 802 2864 Nomen
813 2812 897 2878 urbis,
943 2811 988 2864 bct
998 2812 1073 2877 Ξιῶν,
1083 2817 1171 2867 nescio
1180 2834 1213 2867 an
1224 2833 1313 2867 errore
1325 2815 1434 2868 librarii.
1443 2818 1597 2881 HeercniuS,
1608 2820 1727 2874 Manncr-

106 2894 158 2945 sire
169 2895 268 2958 versio,
282 2905 313 2946 ut
323 2904 400 2965 puto,
411 2894 466 2944 sive
477 2893 614 2963 conuptio
624 2893 694 2944 vocis
706 2892 844 2963 phoenicire
853 2893 896 2957 sit,
944 2901 996 2956 tus,
1018 2894 1131 2962 Klugius
1149 2904 1325 2968 essctcensent
1346 2894 1506 2947 hodiernum
1528 2896 1590 2949 lluv.
1616 2902 1728 2970 Tenxist,

106 2975 209 3042 egregie
222 2973 338 3044 quadrat
350 2975 377 3025 in
396 2975 477 3025 situm
498 2972 606 3038 Agader
617 2972 701 3036 urbis,
720 2971 796 3042 cujus
810 2973 899 3042 paullo
943 2990 1023 3042 quern
1036 2975 1152 3028 Phthuth
1161 2977 1215 3028 sive
1224 2975 1292 3029 Phut
1300 2978 1354 3027 sive
1364 2979 1414 3028 Fur
1423 2977 1588 3042 Ptolemaeus,
1600 2982 1730 3052 Josephus

105 3071 184 3123 supra
203 3054 327 3106 memini.
349 3055 482 3106 locorum
492 3063 587 3104 natura
600 3050 633 3103 ab
647 3053 721 3103 omni
735 3053 760 3103 ri
773 3061 828 3104 tuta
842 3063 896 3117 est3
943 3063 969 3104 et
978 3053 1078 3106 Plinius
1093 3066 1202 3118 vocant;
1218 3055 1407 3122 Bougainvillio
1422 3067 1461 3107 est
1473 3055 1521 3108 llio
1534 3057 1644 3121 d'Orrm,
1660 3063 1730 3130 quie

104 3145 213 3204 pormm
223 3134 337 3187 habetet
345 3135 452 3187 narium
464 3134 603 3185 stationem
611 3133 639 3183 in
646 3142 701 3184 tota
710 3133 759 3184 hac
768 3151 815 3186 ora
822 3133 899 3202 louge
943 3132 1033 3184 medio
1043 3133 1147 3186 deserto
1158 3135 1185 3186 in
1202 3152 1273 3187 mare
1283 3133 1435 3202 egreditur;
1446 3135 1598 3188 Gossclinns
1615 3137 1730 3209 denique

104 3215 252 3284 optimam
275 3212 444 3283 circumjacet
467 3211 545 3264 etad
566 3211 700 3264 desertum
721 3231 805 3283 usque
828 3224 898 3284 patet
943 3211 1081 3264 Hannonis
1094 3215 1189 3265 Lixum
1206 3230 1260 3266 non
1272 3211 1405 3266 diversum
1424 3231 1479 3265 csse
1498 3215 1622 3283 opinatur
1635 3216 1669 3269 ab
1686 3220 1730 3273 illu

105 3295 176 3362 regio
184 3290 589 3357 ritibus,olivis,aliisarb0rum
603 3292 896 3360 generibusabuudans,
943 3292 988 3360 qui
1000 3302 1037 3343 est
1047 3291 1117 3362 apurl
1126 3293 1218 3344 urbem
1229 3293 1354 3346 Lnrncie.
1368 3294 1430 3344 Haec
1440 3293 1528 3344 omnia
1540 3302 1638 3348 temere
1648 3295 1728 3363 dicta,
1796 3345 1797 3350 ,

104 3375 217 3441 argenti,
237 3371 312 3436 ferri,
322 3373 398 3442 cupri
413 3373 486 3423 venis
494 3369 576 3435 divas,
588 3371 655 3423 coelo
669 3371 896 3435 beata,c0mmer·
943 3388 1029 3440 neque
1051 3370 1129 3439 digna
1152 3389 1211 3441 quae
1227 3371 1383 3424 refutentur.
1407 3370 1529 3422 Dubitari
1550 3376 1642 3442 nequit
1664 3378 1729 3444 quin

104 3453 151 3504 ciis
168 3469 234 3504 eum
254 3453 388 3504 interioris
407 3449 503 3504 atrieae
520 3450 625 3520 populis
642 3453 778 3502 nectendis
792 3470 897 3504 accom-
943 3451 1025 3502 Lixus
1042 3449 1120 3502 hodic
1133 3452 1167 3503 sit
1178 3461 1223 3503 nut
1243 3449 1322 3502 Ounrl
1333 3453 1420 3511 Noun,
1437 3459 1466 3501 ut
1479 3451 1660 3523 Moversiusp.
1678 3455 1729 3516 548

105 3530 299 3596 modatissima,
320 3548 405 3601 eoque
427 3529 535 3582 nomine
553 3529 617 3580 olim
639 3527 710 3599 apud
735 3531 897 3599 Portugallos
942 3531 1042 3594 statuit,
1067 3541 1121 3594 aut,
1141 3529 1214 3600 quod
1229 3529 1328 3592 malim,
1354 3528 1433 3581 Oned
1448 3532 1531 3592 Dran,
1556 3531 1602 3599 qui
1621 3532 1647 3584 in
1663 3533 1727 3586 hod.

105 3609 184 3673 tiara,
200 3621 228 3663 ct
249 3627 337 3682 nuper
353 3628 370 3662 a
386 3607 518 3663 larisseno
531 3607 621 3676 Anglis
640 3607 693 3660 suis
714 3609 898 3664 commendata
942 3610 1166 3678 provinciaNoun
1181 3608 1313 3680 adipsum
1330 3608 1439 3662 limitem
1460 3606 1555 3660 deserti
1568 3610 1596 3661 in
1617 3628 1689 3664 mare
1702 3631 1730 3666 se

107 3689 160 3756 (V.
175 3689 304 3742 Jaclrson.
323 3690 341 3742 l.
358 3689 376 3741 l.
392 3707 420 3759 p.
439 3691 481 3740 18.
495 3705 539 3740 uo.
560 3689 593 3740 52
613 3705 671 3758 sqq.
694 3693 756 3740 sati.
781 3691 895 3742 Movers.

105 3768 122 3820 l.
133 3767 152 3820 Ι.
164 3771 186 3840 l.
201 3770 312 3838 anisse
324 3768 494 3838 multiplicem
507 3767 576 3819 hanc
585 3769 809 3837 opportunitatem
820 3769 896 3820 Phoe-

105 3849 177 3900 nioes
188 3859 217 3901 ct
227 3848 455 3917 Carthaginienses
469 3847 529 3916 quis
542 3845 651 3898 demum
665 3844 826 3898 crediderit?
844 3849 898 3900 llo·

105 3925 148 3978 die
157 3929 234 3996 regio
245 3928 491 3978 istaromturSuse.
504 3927 516 3992 11
527 3923 738 3977 -Μέλιτταν
749 3929 758 3992 ]
770 3925 897 3995 Ejusjam

107 4006 246 4058 Hecataeus
255 4006 377 4058 meminit
386 4022 428 4075 ap.
440 4005 547 4074 sanyr.
562 4003 701 4068 ιΜελισσα,
710 4005 781 4066 πόλις
789 4005 895 4070 Λιθύων,

109 4084 245 4146 Ἑκαταῖος
270 4083 345 4156 heta.
365 4082 396 4136 Ὁ
417 4082 525 4153 οἰκήτωρ
543 4082 703 4144 Μελισσαῖος’
724 4083 740 4150 ἡ
758 4086 830 4155 χώρα
846 4085 896 4138 llis·

106 4165 217 4216 lsscaia.
231 4191 244 4210 ·
257 4165 367 4218 Melitta
378 4163 418 4215 vel
430 4150 537 4225 tl'n’bss
549 4161 645 4215 Melita
654 4165 761 4233 proprie
768 4165 897 4233 signilicat

107 4243 244 4295 relicatam
253 4243 358 4305 urbem,
373 4242 394 4293 si
406 4241 488 4293 verbo
504 4239 582 4293 datur
593 4242 678 4306 venia,
697 4242 784 4306 idest,
803 4245 831 4295 in
846 4263 897 4315 qua

108 4320 249 4374 arridencia
259 4321 372 4374 multum
382 4321 459 4373 micis
470 4321 502 4373 sit
512 4318 661 4372 adhibitum
672 4320 711 4372 vel
721 4321 746 4372 in
754 4331 897 4375 structuras

109 4401 148 4453 rel
159 4403 239 4454 ctiam
252 4403 282 4453 in
301 4403 418 4454 tectoria.
439 4399 523 4452 Radix
535 4386 608 4461 nbn
622 4400 696 4450 urelet
714 4400 844 4471 reperitur
854 4405 897 4455 Jc·

108 4502 176 4536 rem.
187 4484 233 4547 ti,
248 4499 325 4553 9pro
336 4490 464 4534 wmento
474 4496 506 4531 ex
515 4496 595 4530 arena
603 4489 629 4531 et
638 4478 716 4530 calce.
729 4503 741 4524 »
758 4481 895 4534 Rocrrxar.

108 4565 168 4614 Non
182 4562 302 4615 arrident
311 4561 376 4613 bac.
392 4561 512 4612 Fortasse
523 4576 539 4611 a
552 4557 640 4610 colore
657 4557 785 4610 albicante
796 4558 896 4625 litoris,

110 4643 205 4712 inquo
225 4643 276 4693 sita
294 4639 369 4703 urbs,
387 4655 486 4691 nomen
503 4646 579 4689 nacta
597 4647 647 4688 ast.
668 4636 790 4688 setarum
801 4639 898 4690 rectius

110 4721 187 4773 scribi
216 4721 310 4774 Melite
328 4729 410 4790 puto,
440 4715 533 4769 collato
556 4717 664 4769 nornine
687 4715 784 4767 Melita·
808 4717 899 4771 insulae

113 4800 251 4872 (linire),
272 4817 333 4871 quae
355 4799 419 4851 item
439 4796 595 4850 Phoenicum
615 4805 672 4848 erat
694 4795 806 4848 colonia.
830 4799 841 4864 ΙΙ
863 4827 899 4838 -

113 4879 136 4930 'l
145 4881 280 4950 papiae]
293 4880 370 4932 lianc
380 4874 487 4930 aliunde
497 4893 550 4928 non
561 4876 692 4927 novimus.
711 4900 722 4920 ι
738 4875 873 4946 hrnmbyn
884 4895 899 4929 a

112 4960 232 5030 situpnto
243 4977 352 5012 vocasse
360 4957 499 5011 Plroenires
507 4968 646 5042 qam-'m
659 4955 809 5016 imantia,
824 4973 899 5008 mon·

112 5049 161 5091 tem
172 5059 296 5103 uvarum,
308 5039 351 5091 vel
362 5050 478 5104 nrm
490 5034 622 5098 leuandi,
635 5045 751 5086 montem
766 5036 899 5089 racerniie·

112 5136 181 5184 rurn3
197 5122 263 5174 vitas
279 5117 361 5172 fuisse
373 5119 401 5170 in
421 5117 471 5169 illis
482 5117 545 5168 iocis
555 5124 657 5168 constat
670 5131 702 5166 ex
719 5114 823 5184 Per-ipio
837 5116 899 5186 Scy-

5 5254 6 5261 ,
112 5197 266 5268 lacis5112,
281 5200 328 5270 qni
347 5197 383 5250 de
396 5197 490 5249 ricinis
502 5199 511 5264 [
522 5197 613 5247 (hernae
625 5195 675 5246 ins.
691 5211 728 5245 sc.
743 5196 752 5260 l
768 5193 897 5266 AEthiopi·

110 5279 155 5331 bus
176 5283 209 5334 ita
227 5279 309 5334 habet
324 5296 332 5333 ι
348 5275 423 5331 οἶνον
441 5275 468 5328 δὲ
491 5279 586 5328 ποιοῦσι
602 5273 680 5327 πολὺν
701 5273 749 5326 ἀπὸ
770 5272 896 5343 ἀμπέλων.

942 3699 1052 3742 eructat.
1068 3690 1187 3742 Primum
1198 3690 1269 3742 enirn
1283 3688 1373 3760 Scylax
1384 3707 1400 3741 a
1412 3688 1532 3741 Soloente
1545 3694 1729 3759 promontorio

942 3767 975 3820 ad
987 3771 1082 3821 Lirnm
1095 3769 1204 3822 iluvium
1220 3770 1412 3837 navigationem
1426 3785 1481 3820 esse
1494 3766 1560 3820 dicit
1570 3767 1673 3822 dicrum
1690 3789 1728 3824 se-

942 3857 1024 3917 ptern,
1036 3847 1063 3900 id
1074 3858 1122 3912 cst,
1133 3867 1184 3900 sec.
1196 3847 1307 3918 Scylacis
1316 3857 1480 3918 computum,
1492 3845 1636 3901 stadiorum
1648 3850 1726 3904 3500.

941 3928 1000 3978 iarn
1020 3927 1040 3978 si
1053 3945 1105 3978 orm
1127 3925 1318 3994 longitudinem
1340 3927 1555 3996 upromontorio
1578 3927 1672 3980 &tutin
1695 3930 1729 3981 ad

943 4009 1018 4057 Dran
1039 4007 1149 4058 iluvium
1171 4007 1197 4058 in
1218 4007 1320 4076 mappis
1342 4005 1478 4057 maritimis
1501 4006 1625 4070 metiaris,
1647 4007 1730 4059 stadia

943 4084 1051 4137 habebis
1065 4085 1135 4138 3300
1145 4095 1172 4136 et
1187 4083 1258 4155 quod
1269 4084 1393 4136 excurrit.
1408 4083 1510 4136 Deinde
1520 4085 1616 4137 Hanno
1631 4102 1646 4136 a
1662 4086 1729 4138 Lixo

942 4164 1045 4216 solvens
1057 4161 1110 4228 τήν
1124 4163 1242 4234 ἐρήμην
1260 4163 1501 4234 praeternavigavit3
1515 4161 1648 4214 desertum
1667 4181 1730 4218 vero

943 4244 1035 4313 incipit
1053 4261 1067 4295 a
1088 4245 1161 4294 lirun
1180 4242 1270 4294 llurio.
1287 4243 1371 4294 Porro
1393 4259 1475 4293 unurn
1500 4241 1595 4293 Lixum
1618 4240 1728 4296 iluvium

942 4321 1079 4390 hucusque
1092 4320 1185 4391 Peripli
1197 4330 1289 4372 auctor
1301 4320 1445 4370 nominavit
1455 4329 1480 4370 et
1496 4335 1559 4370 voce
1571 4319 1605 4387 pt
1613 4336 1667 4388 γας
1677 4319 1729 4371 dis-

942 4401 1047 4468 tinguit,
1059 4398 1124 4452 adeo
1133 4409 1160 4451 ut
1170 4416 1223 4469 pree
1233 4399 1324 4450 ceteris
1335 4407 1424 4449 notatu
1434 4396 1530 4465 dignus
1539 4396 1617 4448 luisse
1624 4395 1727 4450 debeat.

942 4483 982 4532 Ac
996 4497 1057 4531 sane
1072 4481 1146 4530 Dran
1157 4479 1253 4530 liuvius
1265 4478 1333 4528 inter
1346 4493 1447 4539 ornnes,
1466 4476 1511 4544 qui
1526 4493 1540 4526 a
1552 4474 1656 4528 deserto
1667 4487 1729 4528 sunt

942 4557 1049 4610 boream
1059 4575 1159 4621 rersru,
1171 4557 1248 4625 longe
1258 4557 1386 4608 maximus
1397 4565 1445 4618 cst,
1456 4553 1522 4606 adeo
1532 4563 1560 4605 ut
1569 4571 1662 4606 cursus
1673 4555 1730 4607 lon-

943 4635 1062 4706 gitudine
1080 4635 1119 4687 rel
1135 4635 1256 4688 Rhenum
1275 4642 1389 4704 superet.
1405 4635 1436 4684 ln
1458 4633 1581 4684 interiore
1596 4633 1678 4704 Libya
1695 4653 1727 4686 cx

943 4716 1048 4770 Atlante
1062 4733 1137 4768 orsus
1149 4714 1286 4766 meridiem
1302 4730 1390 4764 versus
1410 4710 1492 4764 fertur
1502 4711 1629 4782 usquead
1645 4715 1729 4782 regio-

943 4813 1005 4848 nem
1022 4794 1126 4847 deserto
1144 4795 1306 4864 proximam3
1324 4791 1386 4843 hinc
1410 4790 1479 4842 llexo
1497 4807 1586 4842 versus
1607 4809 1727 4843 oceasum

943 4892 1023 4928 cursu
1035 4875 1119 4926 lacurn
1140 4872 1265 4926 Drinium
1280 4872 1382 4934 transit,
1397 4868 1511 4940 indeque
1518 4868 1594 4939 juxta
1610 4869 1728 4922 solitudi-

945 4971 991 5007 nes
1006 4953 1111 5006 iabitur.
1128 4955 1251 5005 Praeterea
1268 4951 1364 5002 Hanno
1378 4967 1459 5020 quum
1479 4947 1549 5000 dicat
1569 4948 1665 4999 Lixum
1680 4945 1728 4999 ἀπὸ

944 5038 987 5100 τῆς
997 5035 1084 5100 nataae
1095 5031 1146 5102 ῥεῖν
1157 5050 1171 5083 e
1183 5029 1328 5092 montibus,
1340 5047 1407 5099 quos
1420 5028 1553 5097 AEtltinpes
1561 5024 1728 5095 Troglodytae

944 5113 1080 5166 incolant:
1103 5112 1190 5163 innuit
1210 5127 1237 5162 se
1254 5110 1281 5160 in
1305 5109 1410 5178 regione
1433 5108 1538 5170 versari,
1561 5121 1620 5175 quae
1640 5105 1728 5174 Libyae

944 5195 1056 5248 arctiore
1071 5194 1141 5243 vocis
1152 5208 1230 5242 sensu
1246 5191 1283 5240 sic
1295 5187 1371 5240 rlictae
1384 5204 1436 5239 non
1448 5185 1559 5256 amplius
1568 5183 1728 5236 accensenda

944 5293 999 5326 esse
1012 5272 1092 5326 videri
1103 5281 1202 5341 polcrat
1213 5289 1220 5334 ;
1232 5286 1289 5340 qua·
1300 5270 1354 5338 ipsa
1367 5284 1472 5337 quoquc
1481 5265 1513 5318 ad
1524 5263 1618 5316 deserti
1629 5259 1729 5314 accolas
