3950 5925
295 435 437 485 txxxtut
951 420 1259 483 reoli-:douram

293 548 602 625 nuncaBaglrdadad
620 552 775 605 Hanradan
792 546 967 626 (Ecbatana)
984 553 1073 629 proii-
1117 557 1306 625 Bostar-Tol,
1338 571 1463 617 montem
1488 562 1583 621 ruinis
1613 562 1840 643 celeberrimum,
1858 588 1882 631 et

292 645 451 715 ciseuntur,
468 642 536 701 dum
551 642 669 719 vulgata
682 643 769 701 lectio
779 643 815 701 ad
824 642 959 719 ambages
973 646 1075 704 coniu-
1117 648 1244 727 Baptana
1251 652 1314 709 sive
1323 652 1492 733 Bagistana(
1504 660 1665 733 Bisoutoun)
1678 659 1788 735 urbem,
1797 684 1812 721 a
1822 666 1882 725 dex·

292 757 361 813 gere
387 756 442 795 nos
467 750 592 812 cogeret.
620 736 764 795 Deiecerit
777 737 915 796 Chalasar
934 760 993 816 quo
1007 753 1075 797 tem·
1117 755 1160 800 tra
1174 757 1267 803 autem
1285 750 1470 805 Gombos·Ab
1485 750 1495 827 (
1508 754 1689 809 Gambashait
1704 755 1780 831 aliis,
1791 778 1881 835 parum

290 855 362 912 pore
376 854 496 908 surgere
514 834 603 910 erepit
624 832 844 892 Sassauidarum
869 834 949 909 regia
972 840 1075 893 Dorta·
1116 853 1248 898 accurate
1263 842 1271 915 l
1286 842 1425 920 fluvium,
1440 846 1490 920 qui
1516 846 1694 906 (Σουσίοισι
1713 850 1881 929 [Clamaba-

289 933 364 1002 gerd
382 929 427 985 rel
454 930 622 1004 Dystagerd‚
646 927 682 985 ad
708 948 796 1005 quam
821 929 980 988 referendae
1007 946 1075 991 sunt
1115 938 1318 1012 dau)regioni
1333 958 1439 997 nomen
1464 940 1580 1000 dedisse
1590 943 1715 1002 ridetur.
1735 946 1802 1006 Pars
1814 949 1880 1025 ejus,

290 1036 378 1081 vastae
402 1023 508 1093 ruinae,
522 1042 587 1099 quae
607 1022 723 1080 nonita
743 1023 861 1098 longea
885 1023 958 1082 Silia
979 1024 1073 1084 fluvio
1117 1050 1168 1108 per
1191 1052 1277 1108 quam
1292 1032 1481 1093 itinerarium
1497 1049 1627 1094 nostrum
1648 1037 1837 1117 ducit,quuru
1850 1047 1880 1103 ad

289 1117 397 1175 dissitae
408 1118 642 1190 Eski-Bagldrrd
651 1136 728 1175 nune
735 1117 836 1174 vocari
844 1118 948 1177 solent.
959 1118 1071 1188 Quodsi
1116 1126 1237 1183 limitem
1253 1146 1270 1184 a
1284 1126 1437 1186 Concobar
1453 1131 1648 1210 (Kongawar)
1667 1132 1760 1193 tribus
1771 1136 1881 1199 schoeuis

289 1214 424 1272 nonnulli
435 1232 484 1272 eas
504 1213 540 1270 ad
550 1212 688 1270 Chalasar
702 1214 766 1271 sive
777 1214 1073 1291 Artemitapertinere
1115 1214 1249 1279 occasum
1265 1240 1368 1281 versus
1382 1223 1516 1282 dissitum
1532 1226 1685 1303 pertineat,
1699 1230 1755 1287 viae
1768 1230 1880 1307 iongitu-

289 1320 442 1385 putarunt,
467 1320 516 1365 aut
547 1308 737 1381 neglexerunt
758 1305 849 1365 verba
874 1307 1000 1380 isidori,
1025 1324 1073 1369 aut
1115 1316 1153 1373 do
1165 1316 1303 1375 tredecim
1319 1318 1454 1377 schoenos
1465 1321 1605 1381 excedere
1616 1342 1674 1382 non
1685 1327 1787 1401 potuit.
1799 1328 1881 1397 Quare

288 1408 388 1476 Djiaia
403 1404 523 1460 fluvium
538 1414 663 1460 mutasse
675 1422 792 1465 cursum
806 1402 963 1464 finxerunt.
977 1406 1071 1483 Caput
1115 1412 1146 1470 in
1160 1412 1325 1493 Excerpris,
1346 1435 1412 1492 quae
1425 1420 1459 1475 31
1475 1418 1609 1478 schoenos
1630 1421 1816 1482 cnmhadenae
1836 1430 1881 1485 tri.

288 1500 465 1578 provinciae,
489 1498 693 1575 Apolloniam,
717 1518 776 1556 nou
794 1512 935 1558 memorat
956 1501 1070 1574 Noster,
1114 1506 1223 1583 buunt,
1249 1522 1376 1567 erratum
1400 1513 1513 1588 aliquid
1534 1532 1597 1572 esse
1617 1515 1715 1588 debet,
1734 1517 1794 1575 sire
1812 1523 1880 1595 quod

287 1596 367 1673 quod
377 1608 457 1654 extra
468 1595 546 1654 riam
556 1594 630 1654 urbs
642 1595 749 1671 posita,
765 1615 825 1653 nou
838 1614 920 1672 vero,
933 1610 966 1655 ut
983 1596 1073 1657 ltine·
1113 1621 1199 1661 voces
1213 1603 1382 1681 τρισκαίδεκα
1396 1619 1424 1664 et
1438 1592 1575 1685 τριάκοντα
1588 1607 1633 1667 ἕνα
1643 1610 1742 1669 scriba
1752 1614 1879 1691 confudit,

286 1710 338 1749 rus
352 1690 423 1772 (ill,
440 1712 470 1769 p.
489 1689 755 1768 bobisuspieotur,
771 1689 980 1768 queuntibus
1002 1704 1071 1751 tuuc
1113 1697 1177 1757 sive
1194 1698 1273 1775 quod
1291 1699 1329 1758 ad
1339 1713 1467 1759 nostram
1484 1704 1564 1761 viam
1580 1718 1735 1783 excerptor
1748 1712 1880 1769 transtulit

288 1784 376 1843 sraela
387 1798 462 1844 esset
476 1784 520 1865 Γ).
1113 1814 1178 1872 quar
1191 1796 1217 1853 ίν
1229 1794 1337 1876 παρόδῳ
1351 1796 1482 1857 Isidorus
1495 1799 1617 1859 sortasse
1629 1816 1794 1875 monuerat,
1808 1807 1879 1864 vide·

328 1881 1069 1961 ria.Caanrnsregio,quaedeincepssequiturab
1112 1890 1180 1949 iicet
1199 1889 1418 1963 Cambadeuen,
1435 1894 1460 1951 si
1482 1894 1550 1970 quis
1569 1896 1724 1955 maximam
1743 1897 1804 1975 ejus
1825 1900 1880 1959 lon-

284 1978 503 2055 Apolioniatide
517 1991 667 2057 separatur
673 1978 749 2055 jugo
760 1994 909 2054 montano,
930 1990 963 2050 ri
977 1982 1069 2039 schoe·
1113 1985 1272 2061 gitudinem
1290 1988 1503 2064 peragraverit,
1517 2007 1579 2049 esse
1589 1988 1774 2049 scboeuorum
1785 1997 1879 2070 trigin-

284 2074 331 2133 nis
344 2074 380 2132 ab
393 2076 542 2133 Artemitis
556 2074 698 2153 sejuncto.
709 2075 804 2154 Caput
820 2078 982 2154 provinciae
995 2078 1068 2135 Cha·
1112 2095 1140 2139 ta
1152 2095 1180 2140 et
1195 2083 1293 2144 unius.

283 2178 312 2235 ia
329 2177 401 2236 urbs
423 2178 553 2253 (Holran
576 2179 690 2256 ruinae)
716 2199 733 2235 a
751 2178 862 2237 linibus
882 2180 1014 2238 occiduis
1038 2182 1068 2239 in
1156 2179 1218 2249 ¹45·
1233 2177 1297 2237 lam
1309 2181 1441 2258 sequitur
1450 2181 1546 2241 lirun
1556 2186 1824 2263 surcarox,acujus
1833 2190 1881 2246 ini·

283 2286 384 2331 nostra
397 2273 448 2329 via
457 2272 545 2331 distat
558 2273 693 2331 schoenos
712 2273 763 2343 15,
781 2272 897 2348 alagri
917 2274 1067 2351 lancibus,
1111 2276 1153 2335 tio
1167 2277 1203 2333 ad
1218 2276 1370 2336 Concobar
1389 2292 1456 2337 sunt
1471 2280 1582 2339 schoeni
1596 2294 1663 2356 tres,
1678 2282 1748 2340 hinc
1757 2283 1791 2343 ad
1803 2285 1878 2343 iiazi-

283 2387 337 2454 per
358 2386 431 2443 quas
455 2367 487 2424 iu
510 2366 634 2427 blcdiatu
655 2368 826 2426 inferiorem
844 2367 1065 2445 descendimus,
1112 2369 1222 2446 graban
1247 2372 1298 2430 aiii
1316 2384 1385 2445 tres,
1410 2387 1470 2431 tum
1493 2374 1529 2432 ad
1548 2375 1723 2453 Adrapanan
1741 2392 1877 2454 quattuor,

283 2463 418 2521 schoenos
429 2462 463 2520 5:
477 2461 549 2519 adeo
563 2475 596 2519 ut
606 2463 822 2538 viaeiongitudo
831 2464 870 2521 sit
880 2464 1065 2523 schoenorum
1111 2465 1179 2524 inde
1188 2466 1224 2525 ad
1234 2466 1342 2525 Bataua
1353 2468 1416 2526 sive
1429 2469 1578 2544 bgbataua
1588 2471 1878 2549 (Homadunhnaitero

283 2580 336 2632 ao,
351 2580 406 2637 pro
417 2558 526 2635 quibus
538 2559 568 2616 in
584 2558 684 2617 codice
697 2578 732 2616 ar
748 2558 861 2617 schoeni
875 2559 1065 2635 colliguntur,
1110 2562 1213 2621 codice
1226 2577 1431 2642 computantur
1443 2565 1554 2624 schoeni
1570 2566 1744 2641 duodecim,
1756 2574 1784 2626 iu
1798 2571 1877 2629 alteru

283 2677 341 2714 uno
359 2657 487 2715 alterove
508 2675 630 2714 numero
654 2668 802 2733 corrupto.
823 2655 975 2714 Distantiae
993 2656 1066 2715 bene
1109 2656 1168 2714 duo
1194 2657 1396 2728 solummodo,
1415 2658 1506 2737 idque
1522 2665 1643 2734 rectius3
1668 2682 1737 2721 uam
1754 2668 1878 2743 usquead

282 2750 399 2810 babent.
415 2750 494 2809 luter
508 2751 590 2808 vicos
600 2751 746 2828 quinque,
760 2750 812 2826 qui
825 2750 939 2825 regioni
953 2750 1063 2809 adscri-
1108 2754 1260 2809 Homadan
1270 2753 1299 2811 in
1307 2752 1548 2832 iiiepertimappa
1557 2757 1662 2815 metior
1671 2758 1878 2819 schoenoscirei·

281 2844 390 2902 buntur
405 2846 524 2903 ior-tasse
536 2858 618 2903 erant
632 2842 752 2924 Ἀρραία
777 2844 835 2920 (au
848 2848 986 2901 teutmaro
1008 2845 1066 2903 Ta·
1108 2858 1152 2904 ter
1163 2846 1346 2924 quindecim
1362 2848 1393 2907 in
1402 2850 1546 2927 excerptis
1554 2852 1662 2910 nostris
1673 2852 1767 2911 iorem
1777 2854 1877 2913 duode-

281 2941 357 3000 buiae
371 2942 491 3020 Ponti)
510 2955 539 3000 et
553 2944 658 3022 Σοδρα,
671 2960 747 3019 quos
760 2942 792 2999 in
803 2940 860 3000 hoc
874 2954 968 3002 tractu
978 2941 1066 3003 babet
1108 2940 1175 3002 cim.
1191 2940 1308 3020 Reliqui
1321 2942 1423 3002 llediae
1436 2946 1600 3023 superioris
1609 2946 1723 3006 schoeni
1739 2952 1790 3021 26,
1811 2950 1876 3008 haud

282 3038 463 3097 Ptolemaeus.
491 3037 595 3096 Nescio
616 3057 653 3094 an
674 3037 840 3114 pertineant
861 3036 899 3094 ad
912 3037 1014 3096 ruinas
1033 3039 1064 3097 iu
1107 3038 1197 3098 dubie
1207 3041 1353 3118 pertinent
1364 3061 1456 3118 usque
1473 3043 1510 3101 ad
1522 3057 1634 3102 montes
1643 3047 1802 3120 Kharagau
1814 3047 1876 3125 i‘lr-

281 3132 429 3191 hodiernis
439 3133 511 3191 iocis
529 3136 616 3188 Knsrr'
631 3133 731 3189 Chirin
750 3144 780 3189 et
793 3131 1003 3190 Hauch-Kerel
1018 3131 1061 3212 (δ’.
1107 3135 1191 3193 σόνιον
1204 3134 1262 3214 ὄρος
1277 3135 1446 3212 Ptolemaei),
1455 3156 1581 3214 quorum
1594 3138 1696 3214 jugum
1710 3161 1786 3218 pone
1798 3145 1876 3198 Awelr

281 3229 372 3287 ilitter
386 3228 435 3302 lx,
453 3231 520 3298 486.
537 3226 623 3306 dial.
1106 3229 1203 3287 iocum
1217 3231 1433 3306 exporrigitur3
1456 3251 1629 3312 quamquam
1651 3235 1803 3306 distantia,
1817 3238 1876 3295 siin

322 3325 386 3390 143.
398 3323 501 3380 iileme
512 3342 675 3381 rnrenroars
685 3321 797 3380 schoeni
813 3342 851 3379 aa
865 3321 979 3398 aZagri
995 3342 1062 3398 por·
1106 3327 1194 3404 piano
1205 3327 1451 3405 metiaris,paulio
1459 3330 1555 3388 minor
1565 3343 1619 3390 est.
1632 3330 1719 3400 Quod
1727 3333 1876 3408 siuguiaat·

278 3420 315 3478 tis
329 3419 475 3499 pertinent
487 3419 523 3477 ad
537 3421 686 3486 Korn-Su,
706 3417 758 3495 qui
779 3417 811 3475 in
825 3419 920 3474 lierda
937 3416 1061 3475 fluvium
1105 3423 1193 3492 tinet,
1206 3424 1381 3502 Adrapanan
1394 3426 1489 3502 regia,
1503 3425 1576 3486 duos
1586 3425 1875 3505 abhgbatanisscho·

277 3537 461 3584 exoneratur.
487 3524 626 3581 Proxime
653 3534 720 3600 post
741 3521 866 3598 Zagrum
888 3534 933 3579 est
955 3520 1063 3579 Carina
1105 3539 1159 3579 nos
1175 3520 1301 3592 distans,
1315 3541 1375 3580 non
1389 3523 1506 3582 diversa
1518 3523 1605 3582 luerit
1619 3525 1656 3582 ab
1668 3545 1703 3584 ea
1718 3546 1802 3603 quam
1813 3527 1875 3584 llio-

278 3622 380 3697 regio,
406 3620 491 3696 cujus
509 3619 599 3678 luisse
621 3620 717 3676 iocum
733 3619 956 3693 cognominem,
972 3616 1061 3697 Καίρι-
1104 3615 1194 3675 dorus
1216 3631 1357 3677 memorat
1370 3617 1452 3696 lllll,
1470 3627 1539 3691 ligi
1557 3642 1563 3676 :
1590 3617 1622 3679 ‘0
1636 3617 1664 3678 δὲ
1686 3619 1821 3698 Ἀντίγονος
1836 3619 1876 3688 cip

277 3737 324 3771 ναν
345 3713 433 3794 (hod.
454 3716 568 3782 Kirind,
590 3708 706 3789 Kereut,
727 3716 858 3782 Karand,
886 3715 1008 3768 Kunrnd
1025 3712 1061 3770 ad
1104 3709 1213 3786 δύναμιν
1229 3709 1335 3770 ἅπασαν
1352 3710 1492 3770 ἀναλαὸὼν
1513 3714 1549 3778 είς
1563 3713 1681 3786 Μηδίαν,
1699 3713 1776 3780 αὐτὸς
1793 3712 1836 3788 μίν
1852 3711 1874 3769 ε”ν

277 3807 343 3865 fluv.
359 3826 442 3882 cogn.
460 3805 494 3866 V.
523 3805 624 3866 llitter.
640 3803 692 3876 lx,
710 3827 742 3882 p.
768 3806 822 3881 391
839 3806 881 3884 )e
903 3805 1060 3864 Ptolemaeo
1103 3825 1153 3861 τινι
1171 3803 1248 3884 κώμῃ
1268 3805 1464 3885 παρεχείμασεν
1481 3804 1546 3885 οὔσῃ
1569 3805 1680 3878 πλησίον
1699 3807 1874 3882 Ἐκδοταίνων,

276 3901 457 3978 intelligitur.
469 3899 1059 3978 lsfueritunusdequiuquellediaeinie-
1103 3890 1160 3978 ἕνῇ
1175 3902 1222 3969 τῆς
1245 3898 1335 3978 χώρας
1356 3899 1454 3971 incline
1475 3899 1531 3958 lori
1549 3900 1582 3958 cd
1599 3900 1732 3980 βασίλεια.
1754 3903 1875 3977 bazigra·

277 3999 365 4058 rioris
376 3995 838 4076 vicisviaenostraeappositisi“).
849 3996 1058 4074 lleiiquiquat-
1102 3995 1160 4052 bau
1179 3992 1301 4052 τελώνιον
1321 3994 1358 4052 ad
1372 3994 1469 4054 fauces
1491 3995 1708 4058 intertrimenti
1729 4009 1758 4054 et
1774 4001 1876 4070 Sungnr

275 4108 342 4153 tuor
349 4093 553 4172 responderint
563 4093 634 4150 loeis
644 4095 829 4160 Horunubarl
840 4093 977 4159 Semerelt,
992 4094 1059 4147 Ma·
1104 4101 1216 4148 montes
1228 4090 1306 4148 cirea
1319 4089 1490 4148 hodiernam
1505 4093 1664 4148 Saadabod
1673 4092 1761 4150 situm
1774 4092 1861 4150 suerit.

274 4191 401 4260 hideclrt,
414 4189 606 4244 Kirmanchait
615 4230 624 4260 ,
637 4207 691 4264 per
701 4205 767 4263 quae
778 4185 868 4244 hodie
885 4186 941 4244 iter
956 4185 1049 4244 ducit.
1146 4187 1213 4254 rte.
1230 4187 1333 4243 illrum
1343 4184 1498 4244 Rulorsne
1514 4188 1627 4246 scboeui
1645 4188 1712 4246 58³
1728 4191 1875 4262 Kharogan

317 4281 1057 4362 rra'lrajectoxamsufluvioadsinistramhabes
1101 4294 1200 4340 monto
1216 4299 1309 4357 usque
1328 4281 1365 4338 ad
1380 4284 1498 4339 Sirdom
1516 4283 1578 4342 sive
1600 4283 1737 4361 Caspium
1756 4295 1872 4341 montem

304 4485 336 4545 Γ)
353 4485 497 4534 Ptolomeus
505 4485 549 4544 vl,
561 4490 570 4533 t
583 4495 607 4545 p.
619 4487 674 4544 tiu,
682 4481 723 4544 qui
734 4480 850 4532 emmila
860 4481 926 4544 ponii
935 4485 977 4533 el·
988 4479 1023 4532 ls'
1031 4481 1106 4544 long,
1117 4478 1159 4530 38⁰
1167 4476 1220 4540 lai,
1228 4476 1375 4541 Apolloniam
1385 4479 1487 4530 collocal
1498 4481 1539 4530 tt·
1553 4482 1587 4530 lo'
1597 4479 1672 4542 long..
1682 4482 1724 4530 ³6·
1737 4479 1771 4530 lo'
1782 4479 1821 4528 lat.
1830 4479 1872 4538 (sie

271 4554 342 4616 graeei
351 4554 600 4616 codd.;Wiiberguse
612 4551 869 4612 lauoadedttuw
880 4557 922 4606 aa·
933 4549 1068 4608 &ostresele
1077 4562 1126 4614 que
1135 4550 1166 4600 de
1178 4563 1249 4600 eausa
1257 4552 1275 4612 l.
1289 4550 1427 4600 Siiosurbis
1435 4551 1556 4601 incertior.
1567 4553 1631 4600 lnier
1640 4551 1874 4613 reriesoonieelums.

193 4647 196 4650 ⁴
272 4637 333 4686 quos
344 4623 452 4674 liliterus
462 4625 561 4686 proieci,
573 4621 746 4673 verisimillime
755 4627 792 4672 est
803 4622 843 4672 iiia
856 4624 909 4684 (lx,
920 4635 946 4687 p.
957 4627 1003 4672 olii
1010 4621 1028 4683 ),
1042 4634 1070 4670 ex
1085 4632 1133 4682 qua
1142 4621 1267 4683 apollonia
1280 4620 1356 4682 qumi
1366 4617 1438 4670 debet
1452 4621 1476 4668 iu
1493 4620 1615 4670 ruinamm
1628 4620 1728 4670 lumuiis
1740 4633 1811 4683 prope
1823 4619 1873 4668 leod.

272 4697 348 4744 liora
370 4697 441 4754 repe.
463 4697 540 4744 Locus
556 4694 596 4744 iric
606 4694 700 4756 adiacet
719 4696 874 4756 dormi-su)
890 4693 974 4752 llario
994 4697 1020 4742 et
1030 4692 1115 4752 canali,
1127 4703 1183 4752 quar
1194 4703 1224 4740 ex
1244 4689 1336 4752 Dilata
1349 4689 1374 4739 ii.
1393 4690 1417 4738 in
1428 4693 1514 4740 liorin
1526 4693 1583 4740 exit.
1600 4689 1693 4741 Positirs
1707 4696 1744 4739 est
1756 4691 1780 4738 in
1797 4697 1874 4750 mappa

271 4764 402 4815 tutissime
417 4765 426 4827 (
439 4767 630 4814 west-Persica
649 4764 789 4814 deorleilet
806 4776 856 4813 uait
868 4765 983 4826 Kieptri.
996 4763 1088 4813 Berlin
1108 4765 1168 4810 ital
1178 4762 1187 4821 )
1199 4761 1224 4810 lo
1241 4759 1326 4810 eodem
1347 4759 1501 4822 longitudinis
1520 4761 1594 4823 gradu
1615 4762 1639 4810 in
1654 4774 1702 4825 quo
1716 4757 1840 4810 Horoeiseit
1853 4758 1875 4805 et

272 4837 330 4888 Deli
340 4835 436 4896 Addua,
448 4846 464 4883 a
476 4833 565 4897 quibus
576 4834 674 4884 boream
688 4846 774 4884 rusus
789 4833 862 4882 distat
872 4832 922 4883 ts':
934 4833 995 4882 odeo
1013 4835 1041 4882 ul
1058 4830 1214 4892 longitudinis
1224 4833 1282 4880 nola
1292 4830 1357 4892 ¹apud
1376 4831 1531 4882 Ptolemaeum
1552 4831 1577 4881 in
1590 4831 1685 4893 vulgata
1696 4831 1754 4880 sads
1764 4832 1825 4878 reete
1836 4827 1874 4874 iu·

271 4907 334 4969 beai,
344 4904 498 4956 latitudinem
511 4916 570 4953 vero
585 4904 610 4955 itt
623 4903 703 4956 ieiiuis
713 4903 785 4953 oodd.
798 4902 829 4952 ad
843 4915 928 4951 renim
941 4903 1040 4964 propius
1056 4901 1170 4953 accedere
1182 4903 1282 4954 dixeris.
1295 4901 1414 4952 liouiiutu
1430 4903 1525 4965 jugum,
1536 4903 1602 4965 quod
1615 4903 1685 4965 juxta
1703 4905 1776 4952 liora
1792 4903 1875 4961 repet

271 4981 356 5029 Narin
370 4975 481 5026 irrruad
491 4973 571 5038 ligriu
584 4975 720 5038 porrigitur,
731 4979 832 5025 vocatur
843 4973 934 5035 Diebel
943 4975 1067 5035 Hamrin,
1082 4971 1195 5036 idemque
1207 4972 1321 5036 estquod
1334 4973 1440 5036 ὀριιναν
1452 4973 1504 5035 δρας
1516 4971 1575 5023 dicit
1585 4973 1700 5035 Polybius
1712 4975 1742 5032 v,
1754 4978 1793 5030 aa,
1803 4977 1824 5026 ο,
1836 4967 1873 5016 ubi

271 5047 390 5096 lloionem
401 5059 417 5094 a
429 5045 500 5095 Duris
508 5048 535 5094 et
548 5043 644 5105 Tigride
660 5044 754 5093 octaris
764 5043 849 5093 essina
859 5045 972 5105 superato
984 5041 1056 5096 orico
1071 5043 1153 5092 monio
1162 5043 1312 5107 Apolloniam
1323 5044 1418 5094 venisse
1430 5043 1512 5094 tradit.
1526 5073 1557 5085 -
1570 5047 1625 5107 Peg.
1639 5048 1684 5094 itu
1695 5041 1736 5092 liu.
1750 5042 1794 5090 ult.
1805 5037 1873 5087 deleri
1897 5069 1899 5073 ,

271 5114 343 5164 velim
355 5115 440 5166 rerba:
451 5113 602 5178 prefuerit
611 5117 699 5176 potius
710 5115 855 5177 Apollonio.
891 5122 894 5126 ·

301 5185 348 5247 (”)
362 5183 423 5233 (iod.
439 5185 511 5233 verbe
525 5187 541 5243 i
554 5185 622 5246 χώρα
636 5184 741 5247 Κοίρανον,
752 5183 803 5246 iai
819 5188 900 5246 adpo
915 5181 942 5242 ι’,
957 5183 982 5233 ἐν
992 5181 1028 5240 αῖς
1040 5181 1141 5246 σταθμός
1154 5181 1188 5244 (i.
1202 5181 1302 5246 σταθμοί
1313 5183 1332 5246 ),
1349 5183 1382 5233 ila
1395 5183 1507 5248 intellige,
1521 5188 1548 5235 ui
1559 5185 1582 5235 ἐν
1599 5182 1739 5246 lreieraiur
1750 5181 1779 5232 ad
1788 5190 1873 5244 praece·

271 5255 330 5303 riom
340 5256 355 5312 tl
367 5253 453 5310 Μηδία.
464 5252 535 5311 Quod
547 5254 571 5302 iu
582 5252 683 5303 barbare
698 5257 866 5317 excerptorum
878 5255 1000 5317 gruoitaie
1015 5255 1072 5306 nilril
1087 5253 1159 5305 habel
1173 5265 1218 5303 eur
1228 5253 1330 5304 mireris.
