3950 5925
232 440 290 490 ιω
944 400 1123 481 isonam

264 578 287 616 ο.
311 555 374 616 Ἀπὸ
402 556 515 630 serpat
544 554 579 618 τίς
602 550 742 622 Πλινθίνην
763 582 804 595 -
824 549 902 614 σάλος
925 549 1004 607 ἐστίν·
1085 550 1110 600 3.
1132 552 1154 601 A
1169 548 1318 599 Chersoneso
1329 546 1363 599 ad
1377 548 1527 600 Plinthinen
1542 578 1578 587 -
1590 547 1678 601 Salam
1691 560 1744 613 est;
1760 560 1841 620 portu

224 649 239 703 ό
251 646 329 709 τόπος
342 643 462 718 ἀλίμενος
477 676 513 687 -
527 640 626 699 στάδιοι
639 639 673 716 ζ’.
1052 646 1123 689 caret
1134 636 1206 689 locus
1216 665 1252 675 -
1265 633 1348 687 stadia
1360 651 1394 703 90
1407 636 1450 705 (l,'
1461 635 1482 705 )‚

263 753 287 791 ι.
308 730 373 789 Ἀπὸ
396 728 534 798 Πλινθίνης
554 727 598 785 ἐπὶ
623 724 769 801 Ταπόσιριν
787 758 827 771 -
840 723 915 791 πόλις
938 724 1008 781 ε’στὶν
1089 726 1115 785 A.
1136 723 1159 775 A
1178 720 1310 773 Plinthine
1331 719 1364 773 ad
1384 720 1572 795 Taposirim-
1585 719 1649 772 urbs
1667 721 1722 773 sine
1742 732 1840 793 portu,

225 818 353 893 ἀλίμενος·
366 815 433 895 ἱερὸν
447 821 491 873 τοῦ
506 814 687 895 Ὀσίριδος-
701 814 846 880 στάδιοιζ.
949 838 953 841 ·
1054 811 1144 863 fanum
1155 809 1314 863 Osiridis·
1326 809 1409 863 stadia
1422 808 1543 880 90(l,').

265 926 288 965 ο.
313 902 376 963 Ἀπὸ
395 901 566 981 Ταποσίρεως
586 902 630 960 ἐπὶ
649 900 678 958 τὸ
693 899 772 977 Χιμὼ
787 934 827 947 -
846 898 925 976 κώμη
939 897 1008 955 ἐστί·
1091 897 1116 949 5.
1137 900 1158 949 Α
1171 896 1292 967 Taposiri
1306 895 1339 948 ad
1353 896 1448 949 Chimo
1461 926 1498 936 —
1508 896 1581 948 vicus
1594 906 1648 961 σοις
1664 894 1753 948 brevia
1767 894 1841 966 adja-

199 1015 212 1051 ο
228 990 315 1071 βράχε,
330 988 519 1069 ἐπιφαινόμενα
531 1023 568 1033 -
583 988 683 1046 στάδιοι
697 991 728 1055 ζ.
867 1024 872 1031 ·
1054 993 1114 1035 cent
1125 983 1275 1053 apparentia
1286 980 1413 1035 -stadia
1427 998 1461 1050 90
1475 982 1513 1051 (k
1528 984 1549 1049 ).
1628 991 1629 994 ’

226 1199 257 1241 ιιι
267 1205 358 1240 seusus
369 1187 403 1239 sit
417 1204 424 1239 :
439 1196 532 1256 portus
547 1196 587 1238 est
599 1186 724 1246 navibus,
746 1202 859 1254 quarum
875 1201 943 1235 onus
957 1200 1011 1233 nun
1057 1182 1084 1232 8.
1100 1195 1140 1230 ιι.
1160 1180 1200 1230 ι3.
1219 1178 1260 1241 15,
1275 1194 1357 1247 quum
1370 1176 1459 1230 redeat
1471 1194 1598 1229 numerus
1610 1175 1634 1237 ζ’
1643 1188 1670 1230 et
1680 1188 1769 1247 aperte
1781 1198 1841 1233 cot·-

226 1266 330 1319 excedit
341 1265 411 1317 mille
429 1266 544 1316 sarcinas
557 1264 598 1316 vel
609 1264 727 1328 modios,
741 1264 817 1315 sicuti
832 1262 894 1314 alias
907 1261 987 1313 habes
1004 1277 1009 1312 :
1057 1268 1150 1327 ruptus
1163 1258 1206 1319 sit,
1219 1257 1330 1327 lnpieus
1343 1257 1447 1326 reponit
1457 1273 1580 1315 numeros
1591 1254 1653 1324 μᾶζ’,
1667 1256 1713 1325 ιζ’,
1726 1256 1774 1321 κζ’,
1789 1257 1840 1329 μί’,

228 1345 305 1415 λιμήν
318 1344 369 1397 ἐστι
381 1342 477 1403 πλοίοις
491 1343 587 1412 μικροῖς
600 1340 608 1413 (
621 1345 636 1409 5
648 1345 692 1407 84.
705 1346 749 1409 96.
766 1343 815 1394 128
829 1340 850 1412 ),
870 1340 943 1408 βάθος
955 1358 1013 1408 pop-
1057 1336 1106 1407 (ζ’.
1121 1338 1183 1388 llaec
1193 1354 1254 1388 vero
1266 1333 1413 1403 corrigendi
1424 1336 1507 1398 ratio,
1520 1351 1572 1403 qua
1588 1334 1652 1386 nihil
1663 1335 1772 1388 arbitrio
1786 1356 1840 1389 non

227 1425 314 1492 τηγοῖς
332 1422 364 1492 (ς
381 1423 429 1489 ιιι)
440 1430 466 1472 et
484 1438 545 1489 quse
558 1420 655 1489 passim
669 1429 812 1471 occurrunt
824 1417 927 1469 similia.
946 1418 1013 1468 Sunt
1055 1415 1226 1486 permittitur,
1241 1414 1269 1465 in
1290 1423 1410 1466 nostrum
1426 1424 1571 1476 auctorem,
1590 1414 1658 1465 sicut
1677 1414 1704 1466 iu
1727 1414 1841 1486 reliquos

227 1520 290 1554 vero
296 1500 416 1571 ρορτηγοὶ
427 1498 468 1552 rel
479 1498 556 1551 πλοῖα
566 1496 606 1549 vel
614 1498 715 1559 ὁλκάδες
726 1496 889 1567 χιλιαγωγοι,
898 1515 917 1565 χ
919 1495 1011 1565 ιλιορό-
1056 1494 1217 1565 periplorum
1229 1494 1377 1563 scripturas,
1392 1493 1500 1544 minime
1513 1490 1592 1543 cadit.
1607 1493 1675 1544 Nam
1694 1504 1797 1547 constat
1812 1498 1840 1548 ia

225 1594 275 1648 ροι,
286 1576 453 1648 γιλιορόρτοι,
463 1589 540 1625 naves
550 1572 651 1641 generis
662 1572 787 1638 minoris;
800 1573 953 1643 grandiores
966 1591 1011 1621 vo·
1056 1572 1200 1642 majoribus
1214 1571 1342 1625 distantiis
1356 1570 1510 1641 plerumque
1530 1570 1636 1622 nonnisi
1656 1568 1777 1625 denarios
1791 1592 1841 1627 nu·

224 1638 319 1710 eantur
333 1652 497 1726 ροριαγωγοί,
513 1653 680 1723 μνριορόρτοι,
700 1655 843 1724 μνριορόροι
858 1657 902 1723 (ν.
919 1653 1009 1725 Steph.
1058 1668 1142 1703 meros
1165 1648 1299 1721 usurpari,
1330 1649 1427 1719 quibus
1455 1666 1517 1701 raro
1545 1648 1681 1701 adduntur
1708 1650 1840 1719 quinarii3

226 1736 302 1788 Thes.
311 1754 333 1787 s.
342 1754 397 1798 νν.,
406 1735 452 1787 ubi
460 1733 530 1786 adde
535 1732 691 1803 Strabon.p.
701 1733 752 1785 805
762 1749 769 1784 ι
780 1734 854 1802 βάθος
861 1734 921 1785 όσον
929 1731 1012 1801 ἀρκεῖν
1056 1726 1151 1799 quodsi
1172 1728 1268 1797 passim
1283 1726 1458 1780 accuratiores
1471 1726 1550 1778 etiam
1569 1724 1638 1778 tradi
1650 1725 1798 1793 videantur,
1814 1730 1841 1783 hi

228 1812 447 1884 pnptopdpqsvnb).
459 1810 647 1873 Hollmmnus,
657 1812 735 1865 missa
747 1828 811 1863 νοοε
819 1810 920 1880 χιλίων,
933 1810 1013 1862 smibi
1056 1824 1160 1878 semper
1174 1806 1227 1859 lere
1237 1806 1356 1877 corrupti
1368 1816 1438 1859 sunt.

227 1893 330 1946 voluit:
345 1884 428 1959 λιμήν
441 1890 505 1944 ἔστιν
527 1889 629 1959 όγωγῆς
648 1889 677 1941 οθ
701 1890 813 1961 μείζονος
827 1890 842 1956 ἢ
858 1890 963 1943 σταδίων
978 1888 1011 1952 ζ’,
1092 1890 1147 1953 Sd.
1167 1885 1333 1955 Ταπόσιριν
1347 1886 1356 1955 1
1370 1883 1399 1935 rb
1412 1884 1522 1953 ποσίριον
1531 1885 1582 1950 etS
1595 1881 1609 1935 5
1620 1881 1668 1937 άπθ
1679 1889 1723 1939 τοῦ
1732 1889 1843 1959 ποσιρίου

230 1994 242 2015 ι
258 1972 293 2022 ita
303 1980 334 2021 ut
346 1969 415 2022 hanc
424 1968 567 2022 habeamus
579 1968 734 2021 sententiam
747 1984 755 2020 ι
768 1976 862 2039 ροτιιιι
872 1976 913 2019 est
924 1965 1013 2019 aditus
1057 1962 1150 2017 codex.
1162 1964 1277 2017 Nomina
1289 1964 1318 2015 iu
1333 1982 1352 2025 ις
1368 1964 1490 2015 exeuntia
1504 1961 1645 2033 sepissime
1655 1980 1672 2015 a
1683 1964 1775 2019 scribis
1783 1985 1843 2021 σοι·

226 2047 407 2099 siveorisnon
420 2045 526 2116 majoris
534 2065 615 2118 quam
624 2046 770 2100 stadiomm
783 2057 893 2117 septem.
905 2069 916 2091 ι
931 2042 1013 2111 Quod
1057 2054 1227 2115 rumpuntur.
1251 2042 1377 2114 Exempla
1397 2042 1435 2095 rei
1452 2053 1510 2095 tum
1528 2042 1644 2113 periplus
1665 2054 1764 2110 nasta,
1785 2057 1842 2101 tum

222 2136 305 2195 quam
314 2123 458 2177 ιιίιειιιιόιιιιι
474 2124 556 2191 ίοιοι,
566 2127 675 2179 sensisse
685 2126 772 2179 editor
784 2142 838 2177 noa
853 2122 965 2176 videtur.
977 2152 1014 2162 -
1027 2140 1029 2143 ·
1057 2122 1183 2175 Marciani
1195 2121 1288 2187 codex,
1299 2121 1352 2185 alii,
1361 2121 1479 2192 prebent
1490 2120 1582 2174 multa.
1595 2122 1637 2174 Sic
1648 2121 1751 2175 codices
1762 2126 1843 2179 Pseu·

227 2204 275 2255 llis
293 2204 455 2273 praemonitis
477 2202 512 2259 de
530 2205 651 2256 universa
669 2201 750 2275 hujus
767 2202 891 2271 regminis
913 2201 1014 2253 ratione
1057 2200 1249 2254 docallistbeuis
1259 2202 1282 2265 l,
1295 2202 1325 2253 31
1339 2217 1366 2270 p.
1379 2201 1413 2253 32
1424 2199 1588 2269 σιΤσρόσιριν
1600 2200 1718 2269 prebent
1728 2213 1756 2254 et
1765 2203 1844 2274 Tapo»

227 2293 344 2353 superest
357 2293 387 2335 ut
398 2292 547 2335 moueatur.
562 2281 636 2350 Quid
648 2282 699 2334 sibi
712 2281 767 2334 vult
780 2278 844 2333 illud
855 2278 889 2341 εἰς
902 2279 1014 2349 tepet
1058 2278 1145 2348 σίριον.
1156 2280 1268 2333 Literan
1279 2280 1329 2349 inp
1338 2276 1708 2349 mutaturlusuctyrnologico.
1720 2280 1842 2335 Ceterum

226 2363 297 2414 Num
308 2379 361 2414 orae
375 2362 515 2414 maritimae
526 2362 599 2414 locus
609 2378 643 2415 eo
653 2361 761 2413 nomine
773 2358 922 2412 indicatur?
933 2360 1014 2411 taint-
1057 2354 1091 2408 de
1098 2356 1214 2409 hocloco
1223 2374 1248 2409 ν.
1256 2354 1350 2409 Strabo
1359 2373 1386 2427 p.
1397 2372 1465 2425 799:
1478 2354 1542 2408 Εἶτα
1548 2356 1689 2427 Ταρόσειρις
1698 2356 1709 2425 (
1714 2356 1843 2431 Ταπόσιρις

227 2458 270 2493 me
283 2439 311 2493 id
322 2440 468 2511 probabile.
479 2442 547 2494 Nam
556 2439 640 2494 stadia
651 2451 750 2511 septem
764 2439 793 2491 in
803 2455 906 2491 summa
917 2436 1015 2493 stadio·
1058 2434 1216 2507 αι’ίαρόσιρις
1222 2432 1842 2508 ναι.Ιοσι.)οθκέπιθαλάττῃ,πανι(γορινδεχομίννγ

227 2536 287 2571 mm
304 2520 372 2574 1550
385 2519 573 2590 comprehendi
582 2528 728 2588 nequeunt,
738 2517 888 2569 acomniuo
897 2526 949 2569 um
961 2519 1016 2569 exi·
1060 2513 1172 2584 μεγάλην
1183 2513 1235 2586 (καί
1248 2512 1313 2580 ιίλλη
1324 2513 1346 2563 δ’
1359 2512 1411 2565 ἐστι
1419 2513 1560 2584 Ταρόσειρις
1570 2512 1679 2567 ἐπέκεινα
1691 2518 1735 2579 τῆς
1748 2517 1843 2581 πόλεως

227 2614 278 2665 gua
288 2598 423 2650 intervalla
433 2598 462 2649 iu
473 2614 520 2648 ora
530 2614 584 2648 non
595 2595 680 2648 solent
687 2596 783 2648 nouri.
799 2597 883 2648 Pano
894 2612 928 2645 ae
938 2605 1015 2663 putes
1060 2588 1250 2662 (Ἀλεξανδρείας
1261 2594 1313 2660 sc.)
1322 2590 1420 2653 ἱκανῶς.
1430 2590 1472 2643 Cf.
1484 2608 1512 2663 p.
1526 2594 1578 2647 800
1585 2594 1604 2660 )·
1618 2590 1691 2657 αθτῆς
1702 2592 1729 2645 δὲ
1738 2594 1843 2660 πλησίον

227 2692 277 2743 pru
290 2674 323 2739 ζ’,
333 2686 364 2727 ιιι
372 2675 444 2739 alias,
458 2674 552 2726 sichoc
558 2673 730 2743 quoquelooo
736 2671 904 2725 scribendum
915 2672 1013 2816 mpg’
1058 2672 1177 2739 πετρῶδες
1186 2668 1226 2723 ἐπὶ
1236 2672 1268 2741 τῇ
1280 2670 1389 2742 θαλάττῃ
1402 2669 1495 2739 χωρίον
1507 2670 1548 2722 καί
1556 2668 1615 2721 abab
1630 2670 1767 2741 δεχόμενον
1780 2674 1843 2726 πολ-

227 2753 394 2821 sequentium
403 2751 598 2804 locorumratio
610 2760 689 2803 vetat.
698 2751 816 2817 Quaresi
827 2748 907 2801 verbo
918 2748 968 2797 Auo
1004 2766 1015 2805 ς
1058 2746 1117 2809 λοὶις
1130 2748 1185 2809 rob<
1207 2749 1367 2819 κωμάζοντας
1387 2748 1481 2800 ἅπασαν
1502 2749 1568 2818 ὥραν
1589 2748 1668 2811 ἔτονς.
1690 2750 1844 2807 Ptolemaem

228 2846 326 2881 nomen
351 2830 489 2899 proprium
511 2829 610 2893 subest,
631 2827 770 2898 legendum
790 2828 841 2879 erit
862 2826 894 2887 εἰς
911 2826 1017 2894 Διδύμας
1059 2845 1166 2897 quoque
1177 2829 1237 2896 (IV,
1252 2828 1377 2898 5p.28a)
1387 2827 1518 2897 Τακόσιριν
1529 2828 1557 2879 ia
1569 2826 1765 2887 mediterraneis
1774 2844 1844 2885 reete

230 2906 351 2979 [νήσους],
362 2919 441 2979 atque
451 2907 531 2959 verba
544 2906 620 2977 λιμήν
628 2907 680 2959 ἐστι
689 2906 756 2971 κτλ.,
765 2924 848 2977 quum
859 2906 886 2957 in
895 2905 1015 2956 minimas
1060 2917 1185 2959 recenset.
1199 2904 1240 2959 Cl.
1255 2905 1404 2958 Dioscorid.
1419 2908 1469 2971 Ill,
1481 2924 1515 2976 27
1532 2906 1707 2980 (Ταροθσιρις),
1722 2910 1844 2981 synesius

129 2988 133 2997 '
228 2986 292 3038 istas
305 2985 401 3038 insulas
416 2988 459 3040 vix
474 2985 621 3056 quadrent,
635 2985 669 3038 ad
687 2986 842 3042 Chersonesi
853 2995 961 3054 portum
975 3000 1016 3034 re·
1059 2987 1134 3056 epist.
1148 2990 1208 3054 gre
1225 2987 1406 3054 (Ταφόσιρις).
1421 2989 1452 3038 ln
1472 2986 1538 3038 Tab.
1555 2986 1676 3056 Peutiug.
1699 2999 1725 3040 ct
1743 2991 1840 3062 Geogr.

230 3063 367 3128 trahenda,
382 3075 409 3116 et
422 3083 455 3116 ex
473 3065 590 3132 margine
604 3064 656 3116 huc
671 3063 792 3116 translata
813 3080 870 3114 esse
886 3061 1017 3114 censenda
1060 3066 1177 3116 Βενεοιι.
1197 3066 1233 3128 V,
1252 3081 1267 3132 7
1286 3064 1409 3116 scribitur
1435 3065 1568 3136 Taporrrr'.
1590 3063 1691 3118 Eodem
1713 3071 1843 3137 pertiaem

230 3153 303 3194 ειιιιι.
327 3144 358 3194 At
380 3143 436 3194 lieri
450 3145 528 3195 etiam
543 3153 672 3213 potestat
691 3143 746 3213 ipsa
767 3141 846 3194 verba
861 3138 893 3200 εἰς
906 3138 1015 3209 δυσμὰς,
1062 3147 1185 3213 Caportis
1201 3143 1228 3194 in
1242 3144 1363 3194 itinerar.
1377 3160 1404 3212 p.
1425 3144 1459 3211 73
1479 3144 1626 3213 suspicatur
1642 3145 1840 3216 Wmselingius.

230 3238 321 3273 verser
332 3239 461 3283 occurram,
474 3221 567 3292 aliquis
580 3221 743 3274 annotaverit
749 3218 824 3289 juxta
836 3237 863 3272 v.
879 3216 935 3271 ‘heb
952 3217 1017 3269 Ἀλε·
1061 3221 1204 3290 Procopius
1222 3223 1262 3272 De
1281 3221 1351 3273 redii.
1375 3222 1424 3285 vt,
1447 3238 1458 3272 1
1477 3238 1483 3272 :
1508 3221 1579 3282 πόλις
1599 3221 1664 3274 ἐστίν
1686 3221 1776 3294 ἡμέρας
1795 3225 1843 3287 ὁδῷ

229 3298 399 3369 ξανδρείας,ειι
408 3299 583 3368 iisquescriba
592 3299 684 3369 aliquis
694 3316 791 3351 novum
801 3297 899 3362 locum,
908 3294 1016 3367 Δνσμδς,
1064 3295 1240 3368 Ἀλεξανδρείας
1247 3299 1377 3369 διέχουσα,
1393 3299 1522 3371 Ταπόσιρις
1535 3301 1628 3371 ὄνομα,
1640 3301 1685 3354 ἵνα
1696 3299 1726 3368 δὴ
1740 3309 1843 3373 τσρῆναι

228 3377 343 3430 finxerit.
356 3381 442 3448 Atque
449 3378 500 3430 boc
511 3377 635 3448 equidem
647 3378 862 3430 verisimillimum
874 3394 929 3428 csse
942 3377 1017 3428 diae·
1060 3377 1103 3428 τόν
1117 3383 1165 3429 τῶν
1176 3375 1314 3448 Ἀίγνπτίων
1329 3380 1384 3432 θεον
1400 3377 1495 3449 Ὄσιριν
1508 3380 1631 3449 λέγουσιν.
1649 3383 1736 3447 Quam
1751 3375 1842 3435 urbem

229 3457 291 3521 rim,
308 3458 336 3508 in
344 3475 454 3527 eamque
466 3459 620 3509 sententiam
632 3456 711 3508 latina
727 3455 864 3508 adornavi.
1060 3460 1076 3509 J
1078 3458 1222 3511 ustinianus
1237 3460 1302 3529 imp.
1315 3461 1388 3512 curie
1402 3458 1553 3529 balneisque
1566 3461 1679 3512 ornavit.
1695 3463 1733 3513 Ac
1749 3462 1845 3531 proba·

265 3539 318 3603 53.
338 3535 433 3587 Πλινθ
444 3536 537 3605 lans]
553 3535 684 3600 Βλινθίνην
698 3532 772 3598 eod,
788 3552 841 3586 em.
854 3533 963 3587 Gallius.
977 3535 1017 3584 De
1062 3535 1188 3588 biliterad
1197 3539 1337 3590 Justiniani
1346 3549 1464 3606 tempora
1470 3538 1583 3607 pertinet
1592 3555 1652 3608 pars
1662 3535 1843 3608 edificiorum,

230 3614 361 3668 Plinthine
373 3614 439 3666 urbe
453 3625 480 3666 et
490 3616 550 3666 sinu
563 3613 700 3667 Plinthine
717 3613 756 3665 vel
770 3613 931 3676 Plinthinite,
942 3613 989 3681 qui
1002 3629 1018 3664 a
1061 3633 1175 3684 (puerum
1186 3616 1269 3668 ruinae
1282 3625 1431 3687 supersunt.
1444 3617 1530 3668 Locus
1541 3614 1582 3668 ille
1593 3613 1626 3668 ad
1637 3627 1677 3670 ter
1687 3617 1757 3671 mille
1765 3619 1845 3690 pedes

231 3693 393 3744 Chersoneso
403 3691 532 3762 usquead
545 3694 649 3744 leucen
660 3702 735 3746 acten
746 3692 869 3761 pertinet,
885 3690 945 3742 vide
959 3701 1014 3742 not.
1061 3694 1094 3744 ab
1115 3693 1232 3746 Arabum
1254 3704 1327 3747 turre
1345 3694 1423 3766 (tour
1443 3694 1488 3748 des
1509 3695 1629 3763 Arabes)
1649 3693 1757 3761 distans,
1773 3699 1843 3768 apud

231 3767 265 3822 ad
275 3770 372 3839 scytae.
386 3787 414 3840 p.
431 3773 475 3834 82,
485 3771 533 3823 ubi
542 3769 610 3823 adde
621 3771 783 3841 Stephanum
794 3771 855 3839 Byz.
867 3786 874 3820 ι
885 3769 1016 3834 Πλινθίνῃ,
1061 3772 1161 3824 Arabes
1169 3783 1278 3825 vocatur
1286 3773 1505 3836 A'am-Aboassr'r,
1513 3773 1590 3842 vulgo
1596 3773 1748 3828 Boussirvel
1758 3777 1845 3830 Abon-

230 3847 301 3909 πόλις
317 3852 360 3914 τῆς
374 3848 505 3919 Αἰγυπτίας
521 3850 561 3903 ἐπὶ
572 3853 614 3916 τῆς
626 3850 742 3919 Μαρείας.
763 3847 793 3900 ‘0
805 3848 907 3915 πολίτης
916 3848 1017 3900 Πλινθι-
1060 3851 1109 3902 sir.
1123 3853 1157 3902 V.
1167 3853 1279 3914 liitterl,
1290 3869 1318 3922 p.
1327 3853 1380 3921 87²
1390 3852 1478 3922 ibique
1490 3851 1587 3905 laudati
1595 3863 1621 3904 et
1631 3853 1718 3905 l’acho
1728 3855 1846 3923 (Voyage

232 3928 306 3992 νίτης.
325 3927 404 3997 Apud
421 3928 587 3982 Herodotum
600 3932 636 3993 11,
648 3935 665 3981 6
681 3947 730 3999 pro
743 3927 911 3994 Πλινθινήτεω
924 3928 1017 3980 κόλπον
1062 3929 1129 3982 dans
1150 3929 1176 3981 la
1191 3931 1381 4002 Marnrariqne,
1398 3943 1447 3984 etc.
1464 3933 1545 3984 Paris.
1562 3934 1628 4000 1829
1649 3949 1677 4002 p.
1691 3950 1706 4001 7
1722 3931 1751 4003 ):
1771 3934 1845 3986 rl'ai

232 4007 295 4057 item
317 4004 516 4058 rescribendum
540 4025 596 4058 esse
616 4006 794 4072 Πλινθινίτεω,
824 4024 908 4076 quum
933 4005 1018 4058 [orma
1063 4009 1210 4060 vainement
1228 4007 1340 4061 cherche
1360 4010 1444 4079 parmi
1460 4007 1496 4060 les
1510 4010 1599 4062 ruines
1615 4009 1844 4081 d'Abousirquel-

230 4084 502 4149 llltulhrrlteuabusu
516 4085 636 4157 Aigyptio
648 4086 733 4139 aliena
740 4087 784 4150 sit,
797 4096 885 4138 censet
894 4085 1016 4138 Melnele
1062 4103 1126 4154 ques
1145 4087 1254 4155 vestiges
1268 4086 1314 4138 des
1329 4097 1496 4139 ruonuments
1513 4086 1547 4139 de
1563 4085 1708 4144 l'ancienne
1728 4075 1843 4160 Egyptm

230 4162 265 4214 ad
276 4164 314 4215 St.
329 4165 357 4216 B.
376 4165 417 4216 De
435 4166 495 4216 vitis
505 4163 608 4217 cultura
618 4163 690 4234 apud
698 4165 863 4218 Plinthinitas
874 4166 980 4217 inventa
989 4183 1013 4217 v.
1057 4163 1084 4233 jc
1108 4163 1160 4217 n’ai
1180 4183 1217 4235 pu
1236 4164 1377 4217 de'couvrir
1390 4165 1435 4234 qui
1455 4182 1489 4216 en
1508 4165 1553 4218 etit
1566 4165 1589 4217 le
1606 4165 1736 4220 caractere
1749 4185 1845 4237 propre

230 4240 380 4294 Hellanicus
388 4242 420 4294 sr.
433 4240 559 4306 155,ooll.
568 4242 696 4295 Strabone
705 4260 733 4312 p.
743 4242 958 4312 799:Er'›owlael
965 4242 1016 4295 ἔστι
1061 4254 1118 4295 ιοιιι
1136 4241 1209 4296 afuit
1223 4242 1358 4296 distinctis.
1372 4244 1441 4296 lions
1459 4243 1495 4296 les
1506 4246 1595 4297 ruines
1611 4243 1650 4297 du
1671 4243 1775 4315 temple,
1798 4247 1844 4316 qui

227 4320 352 4388 περίπολος
363 4323 451 4382 τόπους
464 4321 574 4392 (Mariae
584 4320 674 4392 paludi
692 4321 791 4373 vicinos
801 4325 823 4389 ),
837 4324 901 4374 ὥστε
915 4322 956 4373 καί
967 4322 1017 4372 δια·
1062 4321 1188 4375 ιιόίθιοιιι
1202 4340 1252 4392 que
1268 4322 1315 4374 des
1331 4323 1562 4393 rapprochemcats
1575 4341 1637 4376 avec
1650 4324 1675 4376 le
1688 4324 1752 4394 style
1767 4327 1845 4394 egyp·

231 4397 332 4465 χεῖσθαι
348 4398 407 4468 πρός
420 4399 556 4452 παλαίωσιν
572 4399 615 4451 τὀν
628 4398 756 4468 θίαρεῶτιν
772 4396 853 4451 οἶνον.
875 4402 886 4467 (Ι
901 4401 1016 4451 -στά-
1062 4403 1129 4466 tien,
1143 4412 1230 4472 etque
1248 4399 1301 4452 l'on
1320 4419 1353 4452 ne
1371 4413 1435 4471 peut
1451 4401 1514 4454 faire
1533 4413 1667 4456 remonter
1680 4399 1783 4455 audelia
1798 4404 1845 4454 dcs

230 4476 292 4526 διοι
306 4474 348 4546 [γ’]
362 4477 399 4530 sic
410 4475 493 4528 codex
499 4497 507 4542 ς
518 4477 587 4528 οταδ.
602 4475 629 4539 ς’
641 4475 810 4544 malelegesat
821 4478 923 4530 Iriarte.
937 4478 1017 4547 Apud
1061 4481 1187 4550 premiere
1208 4477 1332 4547 Lagides,
1350 4490 1408 4531 tout
1429 4479 1452 4532 le
1471 4491 1539 4532 reste
1557 4491 1597 4532 est
1613 4491 1753 4551 puremeut
1769 4499 1843 4551 grec,

231 4554 401 4607 Ptolemaeum
407 4557 455 4621 IV,
475 4556 501 4620 5,
511 4573 539 4625 p.
558 4558 610 4609 alla
623 4551 756 4619 Plinthine
766 4555 826 4626 ((9ο
840 4554 894 4627 45¹)
906 4575 922 4608 a
935 4557 1017 4609 Cher·
1062 4560 1162 4635 romain
1180 4575 1215 4610 ou
1228 4557 1315 4610 arabe.
1333 4582 1344 4602 ι

231 4650 325 4685 sonmo
344 4633 412 4705 (60⁰)
429 4632 508 4687 distat
520 4634 599 4686 unius
610 4635 707 4702 gradus
717 4645 792 4703 parte
800 4645 893 4704 quarta
906 4635 947 4688 vel
958 4654 1018 4688 ceu·
1098 4642 1112 4706 S
1124 4643 1150 4692 5.
1162 4637 1196 4688 llt
1205 4637 1267 4708 piu]
1280 4637 1322 4688 Χῖ
1332 4647 1358 4688 et
1374 4639 1389 4704 §
1401 4642 1416 4690 6
1427 4635 1474 4689 deb
1488 4636 1517 4688 τό
1529 4636 1586 4707 (sic)
1596 4637 1732 4690 llicodex.
1745 4638 1846 4708 Syllaba

232 4722 288 4764 tum
299 4711 424 4764 stadiiset
436 4713 524 4783 paullo
535 4713 602 4783 plus.
613 4712 664 4766 Sed
678 4713 719 4765 his
736 4731 771 4766 ue
781 4713 861 4768 fidem
876 4714 1018 4768 habeamus
1064 4718 1103 4788 μὼ
1117 4715 1239 4770 absorbta
1251 4727 1312 4768 esta
1325 4726 1450 4786 sequente
1463 4718 1507 4768 κώ.
1529 4715 1608 4787 Apud
1620 4717 1788 4770 Ptolemaeum
1806 4728 1847 4770 est

231 4809 263 4844 eo
277 4791 447 4862 impedimur,
463 4791 536 4862 quod
548 4794 704 4845 Ptolemaeus
719 4793 870 4846 Plinthinen
882 4794 992 4847 collocat
1003 4814 1019 4846 a
1063 4798 1154 4866 Χειμιθ.
1169 4794 1292 4864 Ejusdem
1307 4797 1421 4847 nominis
1433 4798 1569 4868 corruptio
1581 4798 1729 4865 grecissans
1740 4797 1848 4849 subesse

231 4872 350 4941 Taposiri
372 4873 431 4940 ((9ο
447 4871 500 4943 50⁷)
522 4889 644 4924 occasum
663 4889 765 4935 versus,
786 4890 869 4942 quum
889 4875 1017 4925 orientem
1064 4875 1167 4928 videtur
1184 4874 1356 4927 Stmboniano
1371 4873 1447 4935 ίιυνδς
1459 4877 1534 4944 σῆμα.
1555 4875 1794 4944 P1·o('lcgendum
1811 4875 1847 4943 ζ’.

234 4967 322 5002 versus
333 4961 448 5020 ponatur
459 4961 516 5003 tum
534 4950 604 5021 apud
617 4951 743 5003 Nostrum
757 4961 813 5003 tum
825 4951 896 5022 apud
910 4951 1018 5004 Strabo·
1063 4955 1162 5006 Gailius
1174 4954 1310 5024 proposuit
1326 4952 1371 5022 ρξ’,
1389 4954 1500 5023 Lapieus
1509 4951 1571 5022 ρκζ’.
1585 4955 1680 5018 Locus,
1694 4956 1736 5006 cui
1751 4955 1850 5007 Chimo

233 5046 304 5081 rtem.
318 5028 473 5099 Lapicusad
491 5029 641 5082 Plinthinen
655 5029 746 5082 retulit
756 5031 844 5083 ruinas
854 5049 890 5082 (ιιι
903 5029 1019 5082 nord-est
1064 5032 1245 5096 vindicandus,
1263 5033 1289 5084 in
1302 5031 1508 5094 mediterraneis,
1520 5032 1611 5100 viginti
1627 5031 1660 5084 ab
1680 5050 1726 5084 ora
1740 5032 1848 5096 stadiis,

233 5105 264 5156 dc
277 5106 303 5156 ln
322 5119 382 5158 tour
393 5107 438 5160 des
458 5108 560 5160 Amnes
568 5130 578 5171 ,·
593 5125 770 5178 numerosque
787 5110 887 5160 lriartis
903 5110 939 5160 ita
960 5125 1019 5160 ruu·
1064 5123 1154 5180 ptuteos
1163 5111 1251 5174 habet,
1265 5114 1308 5179 qui
1319 5127 1391 5162 nunc
1402 5120 1527 5162 vocantur
1536 5108 1653 5162 Boaulea
1663 5109 1701 5161 vel
1712 5109 1849 5165 Bnrdnlrn.

235 5183 307 5244 tavit,
318 5188 371 5251 ut§
383 5202 399 5237 n
410 5203 460 5256 pro
473 5185 496 5245 ζ’
507 5197 616 5256 poneret
626 5185 671 5248 (ζ’,
683 5189 781 5256 §.ipro
790 5187 817 5249 ς’
828 5187 952 5240 scriberet
965 5186 1017 5255 ρς·’,
1063 5190 1085 5239 E
1101 5189 1205 5256 regione
1219 5185 1298 5256 hujus
1315 5185 1364 5239 loci
1383 5186 1483 5257 scopuli
1502 5197 1627 5239 notantur
1639 5187 1664 5237 in
1679 5201 1772 5255 mappa
1789 5202 1853 5254 quae

234 5265 376 5326 §dautem
395 5274 508 5316 servaret
519 5282 660 5318 numerum
678 5264 709 5326 ζ’.
725 5266 808 5319 Simili
821 5266 903 5318 modo
916 5267 943 5318 in
961 5269 976 5333 ς
992 5267 1017 5318 5.
1064 5267 1232 5319 inscribitur:
1253 5265 1303 5318 The
1316 5266 1417 5318 larinate
1435 5284 1465 5317 nr
1483 5265 1524 5318 the
1540 5277 1639 5318 eastern
1658 5263 1747 5317 bassin
1765 5263 1855 5330 osrhe
