3950 5925
286 440 374 484 nanu
934 418 1234 483 PROLEGOMENA.

286 550 406 615 Devade,
412 546 606 619 saasCoralr's,
615 547 754 621 Carphati,
766 548 867 601 iasaloe
873 548 1068 614 Aleu,Amna-
1108 548 1179 602 tibus
1189 545 1366 602 utilissiamm
1378 557 1419 598 est
1428 546 1465 598 ab
1476 546 1555 599 Oceli
1562 544 1675 617 egredi),
1692 545 1732 600 nti
1745 546 1867 619 Agathar-
1941 559 1942 628 ]

286 645 400 711 methas,
423 666 491 719 geas
503 648 619 713 Darem
636 647 736 699 Insula·
756 644 922 712 Chelonitis,
938 645 1069 711 Ichthya·
1108 640 1208 698 cbidcs
1230 651 1258 696 et
1279 638 1479 696 Artemidorus
1498 637 1699 714 prodiderunt.
1711 639 1799 699 Causa
1810 662 1868 701 vero

282 743 398 817 phagor
405 745 507 807 multa,
516 742 638 796 Odanda
645 742 1069 811 deserta,Basadeserra,malroe
1107 756 1160 794 cur
1180 756 1239 793 non
1254 738 1364 792 monito
1377 736 1486 792 lectore
1495 734 1631 793 Pliniana
1647 737 1771 793 narratio
1783 758 1799 793 a
1809 737 1868 797 Per-

285 834 457 901 Saboearum,
466 836 590 906 stramina
606 834 726 901 Thanar,
743 839 883 902 Amnum,
899 838 1001 889 Insula
1012 838 1068 890 Do·
1107 834 1244 889 sicosinu
1254 832 1290 889 ad
1304 831 1460 889 Arabicum
1476 829 1574 888 subito
1587 831 1741 902 transiliat,
1756 852 1809 889 non
1820 847 1868 893 tarn

285 938 360 999 rica,
371 929 470 1002 santes
480 934 621 997 Daulotos,
637 933 725 988 Dora.
736 933 845 986 Ieuala
854 930 959 997 Pteros,
974 932 1067 986 laha-
1108 927 1139 985 in
1152 927 1304 986 codicibus
1315 928 1419 985 lacuna
1434 926 1546 984 mutilis
1555 928 1739 1002 quaesiverim
1750 948 1828 1004 quam
1843 933 1869 989 in

285 1032 368 1094 ranis,
391 1026 518 1095 Coboris,
541 1026 743 1081 Sambrachate
765 1038 794 1080 et
818 1028 949 1099 oppidum
971 1030 1068 1081 eodem
1108 1036 1189 1080 sueta
1199 1024 1326 1080 auctoris
1340 1021 1505 1079 festinantia
1525 1033 1554 1078 et
1569 1021 1732 1080 oscitantia.
1742 1021 1869 1083 Nimirum
1942 1033 1943 1040 ’

285 1128 396 1177 aorniae
417 1127 446 1175 ia
465 1125 631 1178 continente.
651 1125 677 1174 A
698 1122 813 1175 meridie
837 1123 937 1174 imaloe
957 1124 1062 1188 nrulroe,
1107 1137 1197 1193 quum
1213 1129 1277 1195 post
1290 1116 1396 1173 Canem
1414 1116 1535 1173 linaium
1546 1115 1680 1173 Anaritas
1693 1116 1821 1175 collocari
1832 1140 1869 1178 re-

284 1236 419 1271 maeuma
443 1218 575 1286 caman
591 1216 701 1287 flueren
714 1218 869 1283 Musecros,
882 1230 978 1291 partus
993 1220 1068 1271 lau·
1107 1213 1245 1289 perisset,
1258 1230 1308 1269 eos
1322 1230 1388 1269 cum
1405 1209 1556 1268 blaranitis
1575 1210 1635 1267 alio
1654 1211 1687 1268 in
1703 1212 1870 1273 locomema-

280 1330 348 1385 pas.
374 1312 496 1366 Scenitae
513 1312 627 1378 Sabaer',·
654 1313 754 1365 insula
779 1313 892 1378 malam
913 1318 1068 1385 emporium
1107 1312 1177 1366 ratis
1201 1307 1408 1366 conhrdisseet
1424 1307 1468 1365 sic
1487 1307 1650 1382 incongrua
1659 1306 1789 1384 junxisse
1803 1314 1870 1371 vide-

282 1427 375 1462 eoram
398 1411 496 1477 Acila,
511 1426 549 1462 ex
572 1426 626 1482 qua
646 1412 674 1461 ia
688 1409 801 1462 Indiam
827 1412 983 1481 navigatur.
1108 1415 1164 1461 tur.
1177 1402 1310 1461 Ceterum
1329 1401 1425 1459 illud:
1444 1405 1546 1459 Gentes
1568 1404 1773 1477 Epimaranitoe
1789 1420 1870 1465 ortum

324 1500 488 1575 llaecigitur
498 1500 702 1571 italrabent,ut
711 1499 1023 1559 reserendavideantur
1031 1501 1068 1559 ad
1108 1500 1242 1576 suspicor
1254 1518 1290 1555 ea
1305 1499 1407 1571 gracia
1419 1496 1466 1554 vel
1480 1496 1647 1573 depravatis
1659 1498 1706 1555 vel
1719 1499 1814 1557 malea
1825 1502 1872 1561 Pli·

283 1614 378 1665 oram,
402 1614 469 1671 quae
500 1595 619 1653 aCane
646 1595 737 1653 fluvio
759 1594 897 1672 deinceps
922 1598 1067 1673 sequitur.
1108 1594 1159 1651 nio
1168 1594 1272 1652 lectis:
1289 1592 1349 1663 ἔθνη
1363 1593 1420 1649 tart
1431 1594 1600 1671 Μαρανῖταις
1614 1594 1692 1651 hand
1705 1596 1789 1653 semel
1805 1599 1872 1655 eninr
1944 1579 1945 1610 ¹

285 1690 385 1768 ltaque
402 1690 554 1750 Forsterus
572 1691 611 1763 ll,
625 1712 656 1769 p.
673 1694 730 1748 226
745 1690 958 1768 Epimaranitae
977 1692 1067 1751 Plinii
1106 1688 1818 1768 ejusmodivitiaapudPliniumoccurrunmtll,
1831 1696 1871 1765 25,

284 1786 434 1863 componit
445 1806 510 1843 cum
523 1786 653 1844 Anaritis
664 1785 825 1858 Ptolemaei,
840 1806 933 1864 porro
948 1787 1068 1863 Epima-
1107 1783 1160 1842 ubi
1183 1804 1277 1859 greca
1290 1782 1364 1863 παρὰ
1381 1783 1483 1850 iliaca-,v
1498 1782 1641 1861 παραρρέει
1658 1783 1873 1844 reddunturvcr·

285 1880 393 1938 ranitas
403 1880 717 1957 peranagrammadicl
731 1893 828 1939 censet
842 1900 896 1958 pro
913 1880 1068 1939 Rhamani-
1107 1878 1156 1937 bis
1173 1882 1346 1937 Parabestea
1354 1879 1544 1955 praeterfluit(
1556 1876 1588 1935 V.
1602 1877 1739 1953 Prolegg.
1754 1879 1873 1939 adlsido

284 1974 321 2032 tis
345 1976 416 2051 (the
426 1979 529 2051 people
547 1974 587 2045 of
596 1976 714 2044 hamah,
736 1976 884 2048 Rhegama
898 1975 908 2052 l
923 1975 1021 2051 Ptol.)
1037 1998 1070 2033 or
1108 1992 1174 2031 rum
1189 1972 1309 2033 Charac.
1322 1974 1344 2048 j.
1356 1972 1468 2029 -Post
1482 1971 1638 2029 llaranitas
1654 1975 1872 2049 sequunturlcb-

282 2069 389 2124 llhums
407 2070 433 2145 );
474 2072 585 2125 Acilam
616 2082 711 2126 autem
743 2070 909 2147 emporium
950 2070 1069 2129 nomine
1108 2067 1433 2146 thyopbagifflatemt),
1447 2067 1484 2124 ad
1504 2086 1580 2143 quos
1595 2068 1742 2144 pertinere
1755 2069 1874 2129 videntur

283 2174 313 2217 ct
329 2162 387 2220 situ
409 2162 586 2240 respondere
606 2162 750 2220 hodierno
771 2167 811 2219 Al
831 2164 908 2239 Ceti,
933 2165 1012 2240 quod
1037 2166 1069 2223 in
1107 2162 1255 2239 Bathymi,
1282 2165 1460 2236 Βαθυμανεῖς,
1489 2160 1720 2237 Agatharchidis.
1758 2167 1876 2222 Ellitaa

285 2276 391 2334 mappa
407 2277 460 2315 sua
478 2257 629 2316 Forstcrus
650 2259 734 2335 ponit
754 2278 771 2315 a
786 2262 915 2316 Mascare
928 2261 1068 2319 orientem
1108 2257 1501 2334 montesdixeritpraeruptos
1517 2256 1641 2313 vertices
1657 2274 1737 2333 pone
1747 2258 1810 2316 bod.
1820 2264 1875 2317 Mo-

284 2370 387 2409 versus
402 2371 438 2409 eo
452 2352 483 2408 in
494 2352 559 2410 loco
572 2352 623 2409 ubi
634 2354 666 2410 in
679 2352 746 2411 aliis
760 2353 867 2412 tabulis
881 2366 998 2412 notatur
1010 2360 1070 2413 aas
1108 2354 1170 2409 ιἸαΙι
1181 2353 1263 2423 sitos,
1275 2370 1400 2429 ponam
1415 2349 1641 2425 Agatharchides
1656 2370 1773 2428 quoque
1785 2356 1875 2411 memi-

284 2449 388 2503 lier'ma
401 2458 430 2505 et
445 2450 526 2523 regio
545 2449 727 2521 AlCararey.
745 2447 794 2505 Sic
809 2452 907 2505 omnia
923 2450 983 2517 illa,
1003 2470 1069 2527 quas
1109 2448 1164 2506 nit.
1182 2450 1317 2504 Omoeaas
1336 2448 1398 2505 sive
1417 2450 1538 2503 (laeuus
1550 2448 1599 2519 (v.
1619 2447 1709 2522 lect.)
1731 2448 1820 2506 insula
1840 2464 1877 2507 est

283 2560 320 2598 ex
331 2540 430 2598 Plinio
442 2540 665 2619 adscripsimus,
679 2541 716 2600 ad
732 2540 851 2599 brevem
866 2562 924 2601 orae
945 2556 1068 2602 tractum
1110 2540 1193 2600 Alica
1217 2544 1296 2610 νῆαος
1324 2539 1490 2612 Ptolemaei,
1504 2538 1646 2597 hodierna
1673 2545 1797 2598 Namdn.
1822 2542 1875 2601 lox
1947 2589 1948 2592 .

285 2634 475 2712 pertinerent,
486 2654 573 2711 quern
583 2634 661 2693 luha
669 2636 850 2711 incognitum
865 2636 950 2709 dixit,
962 2639 993 2696 in
1008 2660 1068 2714 quo
1107 2658 1153 2693 om
1170 2655 1247 2715 sape
1261 2635 1430 2695 nominibus
1442 2635 1624 2712 praeligitur;
1638 2636 1682 2694 sic
1694 2638 1770 2694 inter
1781 2637 1877 2697 insulas

284 2730 457 2789 Ptolemaeus
467 2732 584 2789 nonnisi
599 2732 658 2790 duo
674 2733 889 2811 novitoppida,
905 2734 1070 2809 Rhegmana
1108 2732 1198 2810 hujus
1217 2746 1326 2791 traam
1350 2745 1420 2791 sunt
1449 2735 1695 2805 Om-el-Haaam',
1722 2738 1872 2808 Oai-gieml,

283 2837 312 2882 et
329 2822 451 2903 Κρυπτὸν
478 2822 572 2900 λιμένα
595 2826 647 2903 (b.
666 2830 780 2883 Mascat
793 2828 814 2902 ),
827 2840 856 2884 et
876 2828 959 2905 cujus
974 2830 1069 2907 major
1111 2833 1233 2887 Ona-ra.
1242 2828 1350 2887 Contra
1358 2833 1474 2885 Naarda
1480 2827 1787 2906 jacetllasMassarib;
1798 2850 1878 2908 prope

283 2938 363 2997 pars,
376 2918 482 2998 piratis
500 2919 619 2991 infesta,
635 2919 770 2979 Arabicis
788 2922 960 3001 geographis
970 2924 1069 2999 ignota
1108 2926 1188 3006 quod
1199 2925 1266 2986 lert.
1278 2939 1340 2984 erat
1352 2942 1475 3003 sequens
1488 2925 1566 3004 apud
1580 2924 1710 2984 Plinium
1721 2940 1817 3005 portus
1825 2931 1879 2984 Mo·
1948 2949 1949 2979 ³

284 3016 344 3074 lere
357 3029 434 3088 erat,
447 3017 534 3075 sicuti
549 3017 635 3076 etiam
648 3037 726 3076 nunc
741 3031 851 3076 tantum
864 3039 923 3076 non
937 3033 978 3078 est
992 3033 1070 3080 terra
1108 3022 1220 3080 chorbe.
1243 3022 1316 3080 Post
1332 3021 1393 3079 haec
1403 3035 1540 3081 notamur
1553 3023 1675 3094 insula,
1691 3022 1877 3100 quibussuuu

283 3113 441 3187 incognita.
461 3112 523 3170 lloc
537 3132 608 3172 vero
623 3115 730 3172 mirum
741 3133 804 3173 esse
823 3114 952 3188 dixeris;
964 3117 1070 3176 deinde
1109 3118 1216 3193 cuique
1224 3116 1323 3174 locum
1336 3117 1444 3174 certius
1457 3119 1608 3192 assignare
1617 3137 1677 3175 non
1688 3118 1790 3175 audeo.
1802 3117 1879 3176 luxu

284 3220 379 3266 autem
396 3228 512 3286 quares
523 3211 574 3287 qui
591 3211 641 3269 fiat
655 3223 686 3269 ut
704 3211 836 3286 Plinius,
851 3211 887 3270 de
899 3212 1069 3291 inhospitali
1109 3230 1192 3270 oram
1206 3229 1331 3288 pergens
1341 3217 1466 3268 Isauram
1476 3231 1634 3287 agnoscere
1646 3226 1765 3290 putares
1775 3213 1804 3270 in
1817 3213 1878 3270 hod.

284 3303 339 3360 ista
360 3303 446 3381 plaga
464 3302 644 3381 uberrimus,
657 3325 746 3385 ¹oram
768 3309 849 3364 sinus
861 3306 991 3380 Arabici,
1004 3329 1069 3385 qua
1108 3307 1268 3377 Sayoaral,
1281 3318 1310 3363 et
1322 3307 1492 3363 Rhinnoeam
1502 3307 1511 3386 l
1523 3312 1667 3363 Hnnoeam
1677 3327 1709 3364 v.
1722 3307 1743 3364 Ι.
1756 3308 1765 3384 )
1777 3308 1806 3365 in
1816 3307 1876 3365 bod.

283 3415 344 3473 pra
354 3398 458 3456 ceteris
473 3409 542 3456 nota
551 3411 625 3470 erat,
645 3399 697 3456 vix
706 3400 765 3458 levi
779 3399 917 3458 bracchio
933 3405 1068 3477 tetigerit
1109 3401 1251 3467 attat-ah,
1266 3401 1329 3470 vet,
1344 3420 1435 3477 quum
1445 3421 1480 3459 ea
1492 3403 1653 3479 perexigua
1666 3402 1717 3472 sit,
1732 3403 1763 3459 in
1775 3401 1878 3480 Zaala

283 3489 377 3550 Porro
398 3512 489 3569 quum
510 3495 541 3551 in
562 3494 751 3570 sequentibus
779 3509 920 3553 memoret
939 3501 1069 3556 Naama-
1109 3495 1348 3572 Ptolemaei,hod.
1362 3499 1509 3567 Hassam'e,
1524 3497 1622 3556 insula
1630 3499 1765 3576 apprime
1776 3499 1880 3575 conspi-

282 3589 424 3644 clerorum
441 3590 515 3665 (leg.
532 3609 596 3646 cum
610 3589 859 3662 BarbaroMacae3
872 3593 971 3648 horam
980 3595 989 3668 l
999 3615 1070 3669 pm-
1110 3591 1260 3649 cua.Nihil
1273 3603 1368 3648 tamen
1375 3593 1604 3665 aamercort„
1618 3613 1685 3650 nam
1694 3597 1788 3650 insula
1795 3599 1880 3669 proat-

283 3689 447 3768 montorium
461 3695 558 3738 cantra
573 3685 754 3740 Carmaniam
771 3685 845 3760 (llas
854 3689 1034 3745 Masseadum
1045 3691 1070 3766 ),
1111 3706 1170 3757 ma,
1186 3694 1216 3743 ia
1228 3708 1285 3762 aaa
1300 3694 1406 3762 scripta
1416 3701 1481 3743 sunt
1490 3693 1571 3744 stela
1584 3692 1709 3765 lapidea·
1720 3693 1806 3745 literis
1815 3697 1879 3744 laca-

283 3787 313 3832 et
332 3779 440 3850 Ogyre‘n
457 3780 577 3834 insulam
598 3777 742 3856 (Ormaz)
760 3798 768 3836 :
789 3798 823 3836 ea
845 3799 904 3836 non
927 3780 982 3839 hoc
1004 3784 1070 3841 loco
1109 3788 1209 3853 galtis,
1229 3783 1281 3839 vix
1290 3781 1348 3839 alia
1359 3795 1404 3839 est
1414 3801 1499 3858 quam
1510 3781 1704 3855 Ἴαιδιςνῆαας,
1715 3786 1832 3841 παλαιῶν
1846 3785 1880 3840 al-

283 3869 470 3927 memoranda
490 3870 627 3943 luissent,
642 3871 692 3929 sed
708 3873 739 3928 in
760 3874 1016 3949 antecedentibus,
1044 3881 1069 3938 si
1110 3879 1174 3934 κιῶν
1188 3877 1286 3954 ἔχουσα
1301 3878 1470 3954 inmutat<
1486 3878 1532 3936 καὶ
1554 3880 1652 3950 στήλας
1665 3880 1803 3959 γράμμασι
1821 3885 1836 3958 β
1853 3902 1880 3957 ρ-

283 3962 401 4039 quidem
430 3965 628 4024 antecedentia
646 3968 682 4024 ad
703 3968 778 4026 latus
795 3970 910 4028 Arabia
930 3974 1072 4034 orientale
1110 3971 1523 4050 ὅαρικοῖςκεχαραγμίνπςῦἒῡ
1532 3987 1627 4031 aulem
1640 3995 1731 4050 quum
1739 3995 1795 4034 11111
1803 3976 1839 4034 §ll
1850 3995 1882 4032 ²¹

283 4059 473 4136 pertinerent.
489 4061 539 4118 vet
557 4061 618 4120 lraec
634 4063 725 4138 igitur
746 4066 869 4124 suadent
889 4068 920 4125 in
936 4069 1071 4131 Pliniana
1111 4065 1273 4142 majoribus
1297 4069 1402 4126 insulis
1418 4082 1484 4125 ante
1497 4070 1594 4127 sinum
1610 4068 1793 4128 AElaniticmn
1811 4070 1881 4144 posi-

283 4157 449 4213 narratione
457 4156 602 4215 turbatum
611 4159 723 4236 aliquid
732 4163 910 4240 esse3idque
918 4166 1071 4226 manifesto
1111 4161 1159 4232 lis,
1185 4161 1326 4236 Sssssplfflrl
1343 4161 1411 4218 licet
1425 4162 1526 4220 ‘Odem
1550 4164 1716 4223 referendas
1735 4165 1880 4222 millam

282 4265 413 4328 apparet,
429 4255 453 4310 si
464 4253 598 4311 locorum
606 4256 727 4314 nomina
737 4276 825 4334 supra
832 4257 977 4337 adscripta
986 4280 1070 4319 accu-
1111 4254 1223 4314 lautam
1240 4267 1269 4312 et
1283 4253 1431 4312 Rhinaeam
1453 4257 1541 4336 (hod.
1554 4261 1648 4314 lauba
1670 4271 1699 4316 et
1723 4261 1842 4332 Titani)
1858 4271 1883 4312 et

286 4347 377 4405 ratius
396 4349 633 4425 perlustraveris.
649 4352 715 4420 Quo
734 4353 808 4410 lacto
826 4354 911 4412 lacile
930 4357 1070 4433 intelligis
1110 4351 1243 4408 Ordinem
1267 4353 1491 4429 geossttpblwm
1511 4373 1529 4410 ὃ
1549 4354 1649 4411 Plinio
1670 4355 1788 4430 negligi.
1813 4353 1883 4409 Situs

283 4441 320 4499 ad
341 4444 438 4501 sinum
463 4445 610 4504 Persicum
626 4448 700 4506 nihil
725 4450 871 4527 pertinere
894 4453 952 4510 nisi
974 4454 1070 4530 prima
1110 4445 1225 4503 0⁰1)oeae
1236 4445 1354 4521 (GObaea
1371 4469 1402 4507 v·
1423 4447 1465 4524 1.)
1485 4463 1586 4526 portus
1605 4451 1762 4519 incerll⁰r3
1774 4451 1883 4507 [ΟΜΝ

281 4537 391 4599 verba:
407 4546 434 4596 A
449 4543 569 4614 stantiae
587 4547 694 4616 Canis,
721 4550 846 4615 allaba,
874 4569 952 4605 raom
971 4553 1070 4608 adusto
1110 4541 1271 4602 hodiernus
1286 4556 1330 4601 esi
1352 4547 1453 4600 Slerm
1478 4548 1590 4602 Alban·
1612 4549 1721 4619 Bragoe
1735 4549 1832 4600 lmssloe
1843 4547 1884 4598 ‘ll‘

213 4669 215 4673 2
281 4636 394 4702 n'arih's,
420 4636 472 4710 qui
493 4637 611 4712 quidem
632 4659 716 4698 mons
730 4641 807 4698 haud
822 4641 911 4700 dubie
926 4657 970 4701 est
993 4665 1069 4722 pm.
1109 4653 1194 4694 serta
1203 4657 1269 4696 esse
1287 4637 1395 4695 debent
1415 4651 1471 4695 tres
1489 4639 1547 4695 illae
1559 4659 1623 4715 quae
1636 4642 1667 4696 in
1690 4643 1755 4697 sinu
1776 4639 1810 4695 ad
1827 4641 1884 4711 Cap

283 4729 460 4787 montorium
476 4731 537 4790 Soli
552 4754 665 4792 sacrum
677 4736 686 4814 (
698 4737 756 4814 ἱερὰ
767 4736 862 4797 Ἡλίου
874 4737 970 4817 ἄκρα),
987 4743 1068 4814 quod
1110 4739 1219 4810 Baridy
1234 4736 1297 4795 sitae
1318 4747 1403 4810 sunt,
1419 4754 1507 4812 quum
1519 4736 1589 4792 alias
1606 4736 1637 4793 in
1655 4735 1711 4792 hoc
1727 4748 1816 4792 tractu
1831 4753 1884 4800 non

280 4837 346 4901 post
373 4823 477 4882 Larem
506 4827 627 4886 fluvium
654 4831 741 4889 habet
765 4831 938 4892 Ptolemaeus
959 4834 1010 4905 vt,
1038 4859 1068 4911 7,
1110 4830 1235 4888 videam.
1253 4832 1407 4886 Thaladai
1425 4842 1493 4887 sunt
1506 4829 1689 4888 Thamudeni
1703 4828 1884 4906 Agatharchi-

279 4939 311 4995 p.
337 4919 406 4984 405.
427 4921 498 4988 Quae
519 4920 657 4998 deinceps
675 4939 847 5002 sequuntur,
874 4928 971 4986 sinum
995 4931 1069 4986 tra-
1110 4923 1167 4981 dis.
1183 4924 1351 5000 Sequuntur
1362 4927 1556 4999 Daloaegoris
1570 4932 1649 4998 regio
1667 4938 1695 4982 et
1712 4929 1784 4981 Orsa
1804 4944 1883 4980 arom.

280 5013 609 5092 bicumattincnt,cujus
618 5018 654 5074 ad
663 5019 805 5078 intumum
814 5040 957 5080 recessum
966 5025 1069 5080 Mara·
1110 5021 1187 5080 Novi
1197 5023 1298 5076 Dabaa
1307 5021 1404 5078 locum
1416 5022 1477 5097 (18⁰
1489 5018 1526 5098 δ’]
1540 5033 1569 5078 et
1577 5023 1681 5092 ujetet
1685 5019 1882 5096 offanum),

280 5115 350 5162 ulta
362 5108 538 5180 habitarunt,
553 5111 590 5168 ad
602 5112 697 5170 larices
711 5133 782 5171 vero
805 5117 891 5173 situm
906 5129 968 5174 erat
980 5123 1067 5174 Acila
1111 5116 1160 5173 sed
1175 5116 1205 5173 hi
1220 5136 1237 5172 a
1256 5115 1342 5174 nobis
1359 5117 1448 5173 alieni
1463 5135 1526 5173 csse
1547 5116 1697 5186 videntur,
1718 5115 1775 5171 nisi
1787 5116 1882 5170 serien

279 5203 441 5278 eruptorium
467 5200 600 5278 (Ὀκηλις
627 5207 812 5280 Ptolemaeus,
835 5211 890 5266 An.
922 5209 986 5267 Per.
1014 5211 1060 5269 tr.
1109 5211 1241 5268 locorum
1252 5232 1360 5288 susque
1377 5212 1470 5288 deque
1487 5211 1593 5268 babere
1616 5213 1701 5270 velis.
1717 5211 1778 5268 Nisi
1792 5210 1880 5276 fallor,

280 5315 367 5367 mar,
392 5311 420 5354 et
435 5299 497 5376 ipsc
510 5298 748 5380 Pliniusll,26,
767 5311 818 5370 rol
835 5326 841 5359 :
861 5308 947 5360 ladas
959 5322 1063 5381 parcre·
1108 5307 1183 5366 Orsa
1209 5328 1294 5366 nrons
1312 5321 1354 5366 cst
1373 5309 1442 5368 hod.
1468 5307 1599 5379 Souhah,
1621 5329 1707 5385 quem
1723 5305 1882 5363 Cbabinum
