3950 5925
418 353 471 419 DE
491 352 654 418 sustitit
675 356 963 420 uicouunsnsts
984 359 1152 421 PERlPLO
1173 362 1288 422 ronst
1312 360 1456 427 textui.
1688 386 1742 429 cxi

125 494 292 565 Augentum.
309 492 392 546 Nunc
398 496 521 565 primum
534 511 551 546 e
563 510 657 566 gnoeco
663 510 790 547 sermone
803 498 831 547 in
846 495 913 549 lati-
956 494 1093 548 Noctibus
1106 494 1208 550 Atticis
1217 508 1372 569 supersunt.
1388 497 1457 553 Cum
1476 498 1667 571 interpretibus
1676 500 1743 555 lati·

123 606 189 641 num
203 605 302 641 uersus
308 588 494 661 plurimisque
506 589 612 641 mendis
624 600 798 661 repurgatus.
816 592 914 643 Acces-
956 594 1001 643 nis
1016 602 1044 643 et
1054 594 1137 645 notis.
1153 591 1199 645 lie
1219 610 1274 648 rec.
1290 604 1319 646 et
1338 611 1432 649 museo
1444 596 1558 649 Nicnloi
1574 597 1741 650 Blancardi.

124 692 222 735 serunt
243 692 273 735 et
296 680 424 751 Scholia‘
460 700 526 754 quar
554 682 722 735 luculentam
746 683 907 754 Regionum,
956 687 1131 759 Amstel.ap.
1146 688 1277 745 Jaruson.
1299 688 1457 760 Woesberg.
1475 690 1744 747 MDCLXXXIH.

127 778 271 844 Gentium,
302 779 480 843 Insulamm,
516 778 701 851 oppidorum,
739 778 908 843 Fituninum,
959 781 1002 839 8⁰.
1018 779 1120 839 Versio
1141 782 1320 856 eustochii,
1342 801 1379 839 ex
1396 802 1454 859 quo
1468 784 1556 841 etiem
1577 786 1607 841 in
1624 782 1745 861 reliquis

5 932 6 938 ς
124 873 265 925 Mereium
304 884 526 945 eceterammque
558 889 650 925 rerum
690 872 913 926 memorabilium
957 874 1085 951 pendere
1099 876 1173 933 solet
1187 876 1372 936 blancardus.

123 972 265 1040 utriusque
275 967 384 1040 Peripli
395 968 609 1039 descriptionem
622 969 772 1031 continent,
787 984 826 1019 ear
833 984 914 1021 accu-
999 978 1026 1037 4.
1043 968 1076 1027 ln
1090 974 1216 1027 Horisoni
1233 970 1339 1047 Geogr.
1362 972 1432 1028 min.
1448 984 1518 1031 tom.
1533 970 1564 1043 l,
1585 991 1631 1032 en.
1654 974 1741 1047 1798,

124 1074 190 1115 rata
203 1073 329 1115 ormnem
345 1066 572 1116 acrecenriorum
585 1059 732 1115 authorum
751 1062 911 1116 collatione.
956 1082 1023 1120 cunr
1036 1064 1178 1122 Dodwelli
1190 1065 1392 1123 dissertatione
1398 1068 1440 1122 De
1448 1081 1533 1125 aetate
1538 1072 1646 1143 peripli
1657 1076 1745 1125 inuris

123 1158 230 1212 Addita
242 1168 400 1231 estproeter
410 1157 485 1224 loca,
498 1160 527 1210 in
542 1157 704 1230 quoesalers
718 1158 913 1212 Lusitanorum
956 1161 1100 1235 Erythrai
1111 1164 1287 1237 eiusdemque
1302 1174 1424 1221 auctore.

121 1258 282 1326 penetrarit
301 1258 456 1325 navigatio,
483 1258 606 1308 omnium
632 1270 695 1307 cum
722 1254 908 1327 Oppidorum,
999 1257 1027 1316 5.
1049 1257 1084 1315 ln
1116 1257 1292 1337 geographis
1321 1258 1390 1316 edit.
1424 1256 1593 1319 vindobon.
1626 1258 1687 1321 vol.
1713 1255 1743 1338 l,

123 1369 189 1423 quae
209 1351 357 1405 Dartubr'us
377 1354 492 1422 irrigat,
510 1361 567 1403 tum
581 1349 733 1420 fluviorum
747 1354 797 1422 qui
812 1354 842 1403 in
850 1368 913 1405 eum
957 1372 987 1430 p.
1002 1370 1057 1427 297
1075 1372 1139 1428 sqq.

124 1448 311 1513 desumuntur,
328 1447 456 1519 diligens
468 1446 633 1517 etjucunda
649 1447 812 1511 menotio,
828 1466 913 1520 prte-
998 1448 1026 1505 6.
1042 1448 1101 1503 The
1114 1466 1226 1521 uojage
1235 1447 1272 1519 os
1283 1448 1429 1505 Nearchus
1441 1450 1502 1503 ancl
1518 1449 1565 1503 tite
1574 1451 1746 1527 Periplanes

123 1554 201 1596 terea
212 1546 302 1615 ipsiru
316 1543 401 1596 Ponti
420 1540 647 1613 chorographica
664 1541 770 1598 tabula.
785 1544 830 1599 lo.
844 1542 913 1595 Gni-
957 1542 1004 1597 tlte
1019 1543 1176 1615 Erythrean
1194 1562 1251 1609 sea,
1279 1544 1436 1599 translated
1443 1540 1525 1613 from
1543 1543 1588 1598 tire
1607 1546 1694 1599 Greek
1708 1548 1744 1617 ty

124 1640 216 1691 lieinm
235 1636 349 1692 Stuckio
362 1638 497 1709 ligurino
513 1636 642 1692 authore.
658 1637 726 1693 Cum
741 1640 855 1712 gemino
866 1641 914 1691 in·
958 1639 1001 1695 W
1000 1640 1091 1693 illium
1104 1640 1129 1691 V
1131 1644 1232 1695 incent.
1243 1638 1357 1709 Ousord
1366 1636 1601 1711 ¹809.Graecaex
1608 1636 1743 1696 blancar-

122 1735 186 1786 ‹tice
203 1750 299 1786 renim
315 1737 386 1785 seim
408 1733 567 1803 dignarum,
584 1750 649 1804 quoe
672 1736 703 1785 in
723 1743 838 1804 unoque
857 1750 913 1805 pe-
957 1732 1099 1791 dianaed.
1111 1730 1744 1811 repetuntur.VersioanglicaStuclriipotius

122 1832 196 1902 riplo
225 1830 413 1902 replicantur.
452 1829 591 1900 Lugduni.
627 1826 730 1882 Barth.
755 1829 911 1883 Vicentius.
957 1827 1047 1885 latina
1061 1848 1148 1905 quam
1158 1846 1250 1903 graeca
1262 1831 1387 1886 auctoris
1398 1827 1486 1885 rerba
1500 1827 1647 1904 exprimit.
1660 1826 1743 1886 Cete-

122 1925 345 1980 MDLXXVII.
360 1921 411 1978 iol.
425 1921 500 1979 Aliis
516 1921 548 1979 iu
560 1920 687 1998 exempl.
710 1919 818 1995 legitur
835 1942 841 1976 :
863 1924 914 1978 Ge·
957 1942 1021 1981 rum
1040 1924 1075 1981 de
1090 1924 1328 2001 interpretatione
1339 1923 1448 2002 peripii
1462 1924 1572 2001 optime
1584 1921 1743 1983 Vincentus

123 2036 201 2071 ποτε
213 2019 298 2091 apud
307 2015 485 2071 Eustathium
499 2018 621 2089 Vignae.
634 2017 858 2072 MDLXXVII.
871 2048 913 2059 -
956 2018 1064 2077 meruit
1073 2037 1163 2097 opere
1169 2020 1251 2095 quod
1260 2016 1448 2077 inscribitur:
1463 2020 1522 2074 Tite
1528 2038 1678 2075 consuesce
1685 2024 1745 2077 and

122 2108 219 2169 Editio
231 2128 328 2187 neque
340 2109 432 2169 verba
444 2110 598 2188 scriptoris
610 2111 703 2169 multo
716 2110 912 2169 emendatiore
955 2120 1118 2187 navigation
1133 2113 1172 2185 (ff
1185 2115 1233 2171 tlte
1249 2120 1374 2169 ancienu
1395 2119 1424 2169 in
1440 2113 1487 2169 the
1502 2114 1611 2169 Indian
1628 2116 1741 2185 Ocean,

123 2205 244 2283 prabet,
264 2224 359 2280 neque
378 2224 477 2263 rernm
492 2205 714 2281 intelligentiam
732 2201 851 2281 juravit
870 2205 913 2263 in-
956 2214 993 2284 by
1008 2212 1137 2270 William
1152 2214 1278 2279 Vincent,
1291 2207 1743 2281 deanofWestminster.London

122 2302 199 2359 salsa
213 2302 419 2359 commentarii
435 2301 589 2376 farragine.
959 2307 1045 2381 1807,
1063 2328 1079 2364 a
1094 2306 1155 2367 vol.
1175 2310 1216 2375 4⁰.
1233 2305 1396 2365 Secundum
1411 2306 1510 2383 operis
1521 2305 1657 2363 volumen
1672 2306 1742 2364 titu-

161 2400 190 2457 3.
203 2398 342 2477 Ἀρριυνῶ
352 2398 433 2476 τέχνη
442 2398 567 2470 sammai,
576 2394 703 2465 Ἔκταξις
714 2401 772 2455 κατ’
785 2398 910 2472 Ἀλανῶν,
955 2403 1016 2461 lunt
1031 2402 1117 2460 habet
1131 2423 1138 2459 ι
1157 2404 1216 2459 Tire
1225 2405 1353 2477 periplus
1365 2399 1456 2472 ofthe
1467 2401 1626 2473 Erythrean
1640 2419 1701 2458 sea.

123 2494 273 2572 Περίπλους
291 2492 388 2551 πόντου
403 2491 544 2563 Εὐξείνου,
560 2492 710 2573 Περίπλους
723 2498 770 2564 τῆς
783 2493 912 2574 Ἐρυθρᾶς
997 2519 1025 2570 7.
1037 2503 1153 2555 Arriani
1162 2500 1355 2555 Alexandrini
1361 2500 1487 2573 peripius
1494 2496 1736 2571 marisErytltrtei

120 2590 270 2661 θολάοοης,
284 2586 477 2664 Πυνηγιτυιός,
490 2588 653 2659 Ἐπικτήτου
678 2588 846 2668 ἐγχειρίδιον,
865 2594 911 2648 τῶ
955 2600 1091 2650 recensuit
1105 2606 1132 2649 et
1147 2592 1219 2649 breui
1235 2598 1416 2650 annotatione
1433 2598 1567 2649 instruxit
1586 2594 1622 2649 B.
1638 2594 1743 2649 Fabri-

120 2689 198 2743 αὐτοῦ
206 2680 465 2763 Ἀποφθέγμοτοκαλ
477 2682 679 2760 imminpere
688 2683 722 2741 ab
731 2685 758 2741 ir
769 2687 807 2763 τῷ
817 2683 912 2743 Ἰωάν·
954 2696 1024 2747 cius.
1036 2690 1154 2745 Drescloe
1169 2689 1253 2763 1849.

119 2804 164 2838 νου
175 2778 313 2839 landuleo
326 2776 470 2856 ἀνθολογίῳ
484 2776 532 2835 καὶ
544 2779 572 2836 ἐν
590 2786 647 2844 τοῖς
666 2776 911 2858 Ἆγιλλίουᾶγρυπ·
996 2779 1741 2859 Codicemperiplilieidelber·gensispostGelenium

118 2876 184 2943 νίοις
199 2878 323 2940 οἶν-ποιοῖς
336 2874 483 2950 σωζόμενα.
496 2879 615 2933 Arriani
630 2895 678 2931 ars
691 2882 804 2945 tactim,
828 2879 912 2933 Acies
955 2878 1052 2937 denuo
1063 2878 1186 2937 contulit
1209 2876 1428 2954 bernhardyus,
1452 2878 1643 2954 selectamque
1656 2896 1693 2933 ex
1706 2896 1741 2935 eo

119 2989 217 3032 canoa
237 2978 366 3041 Alanos,
391 2975 518 3050 Peripius
538 2977 622 3030 Ponti
643 2977 762 3042 Euxini,
781 2977 912 3050 Periplm
955 2975 1091 3033 lectionis
1102 2975 1271 3033 ranetatem
1286 2974 1366 3034 dedit
1375 2976 1406 3032 in
1428 2973 1573 3032 humectis
1586 2975 1618 3032 in
1631 2973 1739 3049 Geogr.

119 3079 207 3128 itioris
220 3072 380 3146 Erythrai,
400 3073 482 3126 liber
491 3073 529 3127 de
546 3074 711 3139 Venerione,
727 3073 846 3146 Epicteti
855 3091 911 3128 en-
954 3071 1028 3132 usin.
1040 3070 1119 3130 Halae
1132 3069 1741 3149 1852.Egopostimpressamjamnostram

118 3170 270 3238 chiridr'on,
287 3168 412 3238 ejsudem
423 3166 672 3241 Apophthegmata
686 3179 714 3223 et
720 3164 905 3240 fragmenta,
955 3165 1113 3223 editionem
1129 3165 1258 3224 codicem
1272 3179 1373 3224 nectus
1388 3167 1530 3224 nonnulle
1540 3185 1575 3224 ex
1588 3185 1623 3224 eo
1633 3164 1741 3226 notabo

118 3283 182 3338 quae
203 3269 235 3319 in
259 3263 382 3318 loannis
405 3263 512 3318 Stoboei
534 3264 688 3338 Florilegio
706 3268 783 3318 etin
806 3265 912 3339 Agetiti
955 3261 987 3319 iu
1004 3261 1162 3322 Addendis.

428 3433 590 3495 tustini
612 3431 904 3493 ulcotisuunsts
925 3413 1116 3494 restitus
1138 3431 1258 3493 ΡΟΠΤΙ
1280 3431 1433 3492 EllXINl.

161 3622 228 3686 184.
245 3618 368 3675 Flavius
380 3618 522 3674 Arrianus
537 3611 767 3683 Nicomedensis‚
782 3611 907 3690 Epicteti
952 3625 1068 3680 zuntem
1094 3631 1174 3670 oram
1201 3611 1292 3685 legat,
1319 3622 1414 3668 tuma
1439 3606 1621 3686 Sebastopoli
1643 3607 1739 3668 denuo

118 3717 302 3796 discipulus,
318 3715 394 3772 inter
405 3713 487 3769 varia
505 3729 605 3788 opera,
623 3728 687 3785 quae
708 3727 809 3766 omnes
823 3707 907 3765 novi·
933 3733 936 3737 ·
952 3726 1074 3765 exorsus
1086 3707 1231 3783 reliquum
1242 3705 1329 3764 Ponti
1344 3703 1414 3762 litus
1425 3701 1581 3763 describet.
1594 3705 1663 3776 Quae
1674 3703 1739 3779 qui·

117 3836 200 3886 nius,
220 3812 355 3871 condidit
377 3809 508 3867 Indicam
531 3806 684 3864 historiam
709 3817 738 3861 et
758 3803 907 3881 Periplurn
953 3801 1018 3860 dem
1034 3822 1131 3860 rerum
1147 3801 1321 3879 dispositio,
1334 3812 1366 3857 ut
1376 3799 1514 3877 perplexa
1529 3810 1571 3856 est
1582 3810 1641 3855 eta
1659 3817 1739 3856 more

118 3912 207 3971 Ponti
218 3908 340 3968 Euxini.
351 3893 499 3983 llla‘quasi
511 3902 745 3982 supplementum
755 3913 799 3960 est
810 3901 911 3960 llisto·
952 3897 1184 3975 geographorum
1193 3895 1313 3968 recedit,
1323 3895 1407 3955 sicex
1417 3893 1529 3954 ratione
1539 3892 1632 3951 nostri
1644 3891 1738 3951 libelli

119 4013 172 4068 riae
195 4004 357 4064 Alexandri
373 4016 402 4060 et
424 4002 457 4059 in
475 3999 628 4058 codicibus
642 4013 779 4075 tanquam
791 4010 911 4054 octavus
953 3996 1037 4054 facile
1049 3996 1218 4074 explicatur.
1227 3993 1277 4051 Vel
1293 3991 1446 4070 inscriptio
1463 4011 1470 4050 :
1488 3989 1621 4068 Ἀρριανοῦ
1634 3989 1737 4046 inraso·

120 4105 288 4168 Ἁναὸάοιως
298 4101 375 4160 iiber
384 4096 519 4156 exhiberi
533 4096 616 4154 solet.
629 4094 755 4169 Collegit
765 4111 827 4150 eam
842 4091 912 4150 scri·
951 4089 986 4160 λὴ
1003 4089 1067 4169 πρὸς
1081 4089 1212 4170 Τραϊανὸν
1230 4086 1406 4168 Ἀδριανὸν,λν
1423 4077 1442 4163 ᾖ
1465 4083 1510 4143 κοιλ
1524 4083 1664 4163 περίπλους
1678 4084 1739 4142 Εὐ-

118 4218 188 4282 ptor
202 4222 239 4259 ex
251 4197 436 4274 Megasthene
451 4206 479 4251 et
489 4191 621 4251 Nearcho
643 4203 671 4248 et
684 4190 731 4248 his
746 4189 818 4267 ipsis
830 4188 910 4244 inni·
952 4183 1034 4253 ξείνου
1047 4183 1159 4256 Πόντου,
1174 4183 1274 4262 prodit
1288 4202 1348 4241 rern
1367 4178 1453 4239 nobis
1466 4197 1528 4238 esse
1537 4195 1603 4236 cum
1616 4177 1739 4254 epistola

119 4313 199 4357 tente
220 4294 425 4355 Eratosthene:
448 4289 523 4348 adeo
538 4301 571 4348 ut
591 4288 688 4346 omnis
711 4287 748 4343 de
765 4305 801 4343 eo
823 4303 911 4361 opere
952 4294 980 4338 et
996 4279 1142 4358 periplum
1160 4275 1385 4336 lundilibertate
1403 4275 1472 4346 ista,
1491 4291 1578 4350 quam
1593 4289 1737 4329 commer-

119 4393 303 4472 disquisifin,
314 4377 908 4459 simissamlecerisexcerptorisopellam,
953 4379 992 4436 cii
1010 4376 1155 4455 epistolici
1179 4373 1368 4434 familiaritati
1380 4369 1577 4430 concedimus.
1594 4367 1652 4428 lles
1665 4385 1737 4426 vero

117 4492 155 4548 ad
168 4491 259 4548 duces
272 4489 344 4545 istos
365 4482 530 4542 revocanda
552 4481 601 4551 sit,
624 4478 660 4536 de
679 4474 788 4554 quibus
801 4475 863 4532 dixi
878 4474 909 4531 in
952 4471 1097 4531 itahabet.

118 4588 238 4662 Fragm.
250 4584 326 4641 llist.
339 4595 411 4642 tom.
420 4578 490 4658 Ποῖ
496 4581 527 4637 in
539 4575 910 4656 Scriptt.lie1umhlexan·
996 4571 1061 4628 185.
1078 4569 1219 4627 Arrianus
1233 4586 1292 4643 quo
1307 4577 1436 4639 tempore
1455 4560 1507 4619 has
1527 4559 1565 4618 ad
1576 4557 1735 4618 Adrianum

118 4685 179 4743 dri.
196 4680 324 4756 Proprie
341 4678 435 4753 magis
443 4675 536 4734 Marte
547 4694 607 4733 rem
627 4673 716 4750 gessit
726 4672 869 4730 Arrianus
879 4671 910 4728 in
952 4667 1052 4725 literas
1067 4663 1196 4742 scripsit,
1211 4661 1363 4740 praefectus
1379 4669 1440 4716 erat
1450 4653 1651 4734 Cappadocia.
1666 4651 1736 4722 Quae

119 4777 242 4856 Periplo
262 4774 349 4833 Ponti
367 4771 488 4831 Euxini.
514 4771 598 4828 llunc
614 4787 686 4827 vero
711 4768 751 4825 ita
769 4764 908 4836 institnit,
952 4761 1105 4843 provincia
1121 4771 1189 4817 tunc
1207 4767 1310 4836 praeter
1324 4753 1381 4810 alia
1403 4751 1569 4809 Armeniam
1592 4747 1736 4853 minorem

120 4890 152 4934 ut
165 4875 292 4952 primum
308 4891 325 4929 a
339 4870 524 4948 Trapezunte
540 4886 633 4944 usqne
647 4865 683 4922 ad
696 4861 910 4940 sebastopolim
952 4853 1196 4935 complectebatur
1209 4864 1237 4909 et
1251 4851 1282 4907 in
1297 4868 1349 4906 ora
1362 4847 1432 4905 inde
1445 4845 1481 4904 ab
1495 4844 1595 4902 hirriso
1608 4853 1735 4920 pertine-

120 4969 276 5050 proccdat‚
292 4967 398 5026 deinde
413 4985 430 5023 a
445 4965 576 5043 bosporo
592 4961 723 5020 Thracio
739 4959 776 5017 ad
799 4958 909 5036 'l'rape-
950 4953 1001 5012 hat
1012 4947 1151 5028 usquead
1165 4936 1676 5015 DioscuriademsiveSebastopolim
1689 4934 1733 5013 Γ),

150 5146 181 5206 (⁴)
195 5145 262 5208 Apud
274 5143 436 5196 Ptolemaeum
449 5141 481 5196 V.
496 5146 510 5188 6
530 5151 573 5188 ora
586 5135 744 5199 cappadociis
761 5133 830 5194 iuxta
843 5132 964 5194 regionem
978 5132 1170 5187 Leucosyronnn
1184 5123 1209 5173 et
1227 5123 1316 5170 Pontos
1335 5117 1481 5198 Galaticum.
1494 5113 1690 5194 Polemoniscurn
1708 5113 1736 5203 pt

120 5216 309 5279 Θηνροὼοίουπν
320 5213 449 5276 pertinens
462 5209 549 5258 desinit
561 5208 585 5256 in
599 5205 791 5268 sebastopolim.
801 5207 829 5252 ut
837 5203 901 5266 apud
913 5201 1053 5256 arrianum,
1066 5198 1099 5246 ite
1111 5197 1192 5244 tamen
1201 5194 1228 5242 ul
1241 5189 1426 5250 sebastopolrsa
1438 5183 1590 5236 Dioscuriade
1603 5181 1695 5230 diversa
1704 5183 1735 5229 sit

119 5295 262 5356 musque
275 5291 319 5339 ⁴4⁰
330 5287 370 5339 ts'
383 5286 428 5335 iet.
439 5281 574 5332 interestis
585 5279 698 5343 spsorrhi
710 5276 776 5328 ilurii
786 5276 795 5338 (
807 5279 851 5325 tu
867 5274 922 5336 tit)
937 5273 962 5322 et
972 5269 1079 5321 Phasidis
1092 5269 1164 5331 (⁴5⁰),
1175 5264 1217 5315 ubi
1230 5263 1292 5314 alius
1304 5273 1375 5312 nemo
1387 5260 1458 5322 liuius
1472 5255 1574 5308 nominis
1586 5255 1670 5305 sichem
1683 5265 1734 5302 me·
