3950 5925
130 468 1728 541 00000000000002000000000000000000000000000000000PPPPPPPPOPOPP

674 758 1183 864 PROLEGOMENA.

803 1012 1063 1042 «0,...

759 1196 783 1256 l.
807 1196 857 1255 DE
877 1197 1088 1258 contentus,

155 1402 380 1483 Complexihoc
397 1400 549 1463 volumine
563 1418 663 1461 sumus
682 1396 862 1481 periplorum
878 1412 907 1459 et
930 1402 1030 1461 ¹nullu
1058 1403 1137 1461 enim
1164 1405 1273 1483 scriptu
1302 1408 1334 1466 in
1357 1427 1417 1467 uno
1433 1422 1543 1469 tantum
1571 1413 1649 1473 libro
1677 1435 1733 1477 ms.

116 1501 309 1581 periegesedn
326 1498 444 1561 libellos
460 1496 511 1576 qui
531 1510 641 1555 aetatem
661 1496 790 1555 tulerunt
805 1514 906 1555 omnes
950 1499 1098 1575 leguntur,
1111 1513 1144 1559 ut
1157 1500 1309 1561 llnnnonis
1324 1505 1469 1582 periplus,
1486 1508 1604 1566 Arriani
1618 1521 1647 1567 et
1658 1512 1735 1569 huo·

116 1608 223 1673 praeter
234 1613 324 1651 unam
335 1592 470 1671 Dionysii
482 1592 658 1671 periegesin,
673 1610 759 1668 quam
775 1590 905 1649 obvete-
948 1594 1031 1669 nymi
1054 1596 1184 1654 auctoris
1205 1598 1313 1674 peripli
1333 1598 1420 1657 Ponti
1443 1599 1568 1675 Euxini,
1586 1602 1731 1683 Anonymi

115 1709 181 1748 rum
191 1690 300 1747 molem
309 1687 583 1747 commentariorum
594 1686 758 1762 insequens
768 1685 905 1743 volumen
947 1690 1080 1769 periplus
1100 1696 1191 1751 maris
1210 1693 1370 1772 Erythraei,
1385 1696 1534 1776 Anonymi
1554 1700 1732 1763 Stadinsmus

118 1786 325 1863 relegavimus.
358 1783 462 1841 Demto
485 1783 576 1859 igitur
611 1782 773 1858 Dionysio,
798 1782 904 1859 reliqui
948 1788 1038 1845 maris
1060 1787 1169 1864 lingui.
1186 1789 1254 1849 Atia
1274 1804 1388 1851 exstant
1410 1812 1479 1853 sane
1497 1796 1529 1853 in
1549 1796 1665 1859 duobus
1685 1801 1732 1857 vel

116 1894 185 1940 suut
199 1894 335 1939 auctores
348 1876 496 1936 tredecim.
509 1875 588 1936 luter
601 1896 650 1935 eos
660 1877 791 1955 quinque
800 1895 905 1934 nume·
947 1880 1044 1941 tribus
1058 1882 1144 1941 libris
1157 1904 1226 1945 mss.
1239 1885 1366 1964 (Paris,
1379 1886 1516 1962 Roman,
1530 1890 1673 1969 Monac),
1682 1896 1734 1953 sed

117 1992 231 2051 rantur,
256 1994 383 2055 quorum
409 1990 446 2033 ne
469 1974 589 2032 nomina
616 1973 736 2053 quidem
766 1972 904 2033 habemus
946 1976 988 2034 ita
1002 1975 1062 2035 illis
1075 1980 1267 2057 comparatis,
1282 1994 1316 2039 ut
1330 1982 1419 2043 unius
1437 1984 1501 2042 loco
1515 1984 1642 2045 habendi
1660 1988 1731 2060 sint,

116 2084 283 2150 cumperta3
311 2080 474 2129 ceterorum
512 2067 568 2127 etsi
593 2066 630 2127 de
654 2068 822 2127 nominibus
846 2068 906 2127 iere
947 2075 1085 2153 quoniam
1104 2076 1163 2136 duo
1176 2096 1277 2136 eorum
1297 2097 1334 2135 ex
1349 2081 1436 2139 tertio
1449 2081 1588 2162 descripti
1607 2087 1733 2144 auctori·

117 2182 244 2241 constat,
270 2182 298 2226 at
312 2166 349 2224 de
370 2166 432 2224 vita
449 2185 549 2224 eorum
575 2166 750 2245 scriptisque
761 2179 810 2224 aut
830 2164 903 2223 nihil
946 2181 1005 2227 tate
1023 2183 1133 2231 carent.
1155 2171 1308 2249 Ejusmodi
1325 2188 1416 2232 sunt:
1439 2175 1568 2253 Scylacis
1580 2179 1731 2259 periples,

117 2283 242 2343 prorsus
253 2276 304 2321 eut
315 2260 492 2343 paucissima
503 2259 634 2338 quaednur
647 2279 808 2339 parumque
819 2280 903 2319 accu-
946 2264 1106 2323 Dicaearchi
1117 2308 1125 2337 ,
1146 2286 1232 2343 quem
1253 2281 1369 2340 vocant,
1385 2269 1545 2345 fragmenta
1566 2272 1638 2345 duo,
1650 2275 1729 2333 dno-

117 2374 178 2419 ratn
195 2374 328 2419 veterum
343 2356 518 2416 testimoniis
533 2354 638 2413 tradite
651 2358 826 2435 accepimus.
839 2355 903 2414 lta·
946 2362 1028 2436 uymi
1043 2374 1136 2441 poetar
1156 2362 1307 2439 (Scymni,
1328 2378 1362 2423 ut
1378 2364 1541 2445 putabunt)
1558 2368 1729 2446 periegesis,

116 2475 174 2533 que
199 2467 311 2513 tantum
331 2472 390 2511 non
411 2452 510 2511 omniu
530 2472 595 2529 quse
617 2452 654 2509 de
675 2464 773 2523 aetate,
792 2451 903 2525 indole,
945 2456 1287 2536 DionysiiCalliphontis
1299 2459 1354 2517 filii
1364 2459 1523 2538 descriptio
1535 2461 1667 2536 Graeciae,
1678 2483 1729 2543 pe·

116 2550 291 2609 auctoritate
312 2545 546 2623 uniuscujusque
568 2545 639 2605 sciri
662 2559 787 2623 queunt,
810 2566 847 2604 ex
869 2546 905 2606 iis
945 2550 1015 2630 ripli
1030 2550 1199 2611 Marcianei.
1214 2552 1296 2611 Duos
1317 2553 1431 2613 codices
1452 2557 1624 2615 auctoritate
1645 2578 1730 2637 peres

117 2645 192 2724 ipsis
203 2664 269 2723 quae
278 2662 367 2701 manu
382 2654 512 2701 tenemus
526 2660 629 2699 eorum
644 2640 762 2721 scriptis
775 2640 904 2701 eruenda
944 2643 1085 2705 habemus
1103 2647 1135 2704 in
1149 2646 1256 2705 lsidori
1271 2648 1409 2707 Stathmis
1419 2647 1575 2713 Parthicis.
1586 2651 1728 2735 Complu-

116 2754 195 2800 sunt.
219 2740 263 2797 De
276 2738 323 2796 his
345 2750 441 2795 autem
467 2738 517 2796 vix
533 2750 610 2795 recte
624 2735 822 2814 judicaveris,
846 2740 903 2797 nisi
945 2758 992 2797 res
1005 2760 1127 2799 numero
1142 2740 1214 2800 libri
1230 2761 1299 2801 mss.
1314 2742 1433 2802 nonnisi
1446 2743 1483 2801 de
1497 2745 1597 2803 lndica
1608 2746 1728 2806 Arriani

116 2836 247 2907 codices,
263 2834 294 2893 in
307 2832 415 2911 quibus
425 2834 572 2909 leguntur,
583 2832 676 2911 probe
686 2835 813 2893 noveris.
827 2834 904 2893 Hinc
944 2834 1068 2895 historia
1087 2850 1116 2895 et
1135 2836 1287 2897 Photianis
1304 2858 1342 2897 ex
1357 2840 1568 2915 Agatharchide
1583 2845 1730 2921 excerptis

115 2933 208 3010 igitur
222 2948 371 2990 sumamus
387 2928 516 2990 initium.
944 2942 1051 3012 praesto
1064 2945 1141 2993 sunt.
1157 2932 1272 3004 Quibus
1287 2933 1416 3008 omissis,
1430 2934 1538 3014 reliqui
1551 2949 1685 2998 auctores
1696 2940 1729 2998 in

157 3050 187 3090 n.
204 3027 342 3086 Rationes
354 3025 489 3084 codicum
505 3037 672 3084 nostrorum
696 3024 780 3083 facile
802 3026 902 3106 expli·
944 3026 1079 3085 undecim
1105 3029 1292 3086 continentur
1315 3028 1485 3103 codicibus,
1508 3052 1635 3110 quorum
1662 3053 1728 3092 ecce

115 3137 232 3198 cantur,
241 3122 466 3200 quodnumerus
474 3139 575 3178 eorum
584 3124 815 3200 perexiguusest.
825 3119 902 3179 Non·
944 3120 1127 3182 indiculum:

129 3261 278 3308 {mathim
313 3260 341 3302 ll.
374 3257 1715 3321 m,'ttt·l⁰.pergttttt.saeu.1ss.Harulat't.per-etqt.rscylusldtlor.;⁰lonyt·rlllmeh.lr.leimam.

127 3331 148 3372 2
162 3321 341 3370 vattmnnsPal.
373 3318 728 3372 tta,tna⁰.cnrrtsc.sec.xu
748 3323 853 3365 uxrcun.
863 3333 911 3377 per.
920 3319 1454 3376 etep.rscru1;tudor.rntonyc;ntcurcu
1464 3322 1712 3379 lr.let³;scymm

126 3386 343 3435 &munla-n
371 3379 1726 3442 llllfl‚ln·!·.charlic.sm.lll'l.llntttlatt.pet¹.····3801h¹;lfllt10t·rl)l0nys.;l)lmrch.b.let³;fflrd.ep.

127 3453 146 3494 t.
160 3449 285 3494 ratenus.
305 3475 312 3489 .
333 3476 339 3490 .
371 3440 608 3495 mummolum
618 3445 720 3487 sac-xv
723 3470 1100 3490 .................
1116 3441 1211 3494 [aldem
1222 3471 1320 3488 .....
1335 3441 1528 3488 trimme.

126 3516 147 3556 s.
161 3510 281 3555 endum
296 3532 1320 3551 ..............................................
1335 3505 1459 3551 ntmrctr.
1468 3504 1498 3550 lr.
1508 3509 1530 3551 2

126 3572 329 3629 summ
342 3593 1098 3616 .................................
1116 3567 1196 3614 uror.

126 3761 146 3802 t.
160 3755 356 3810 misegonis·
377 3751 715 3808 suurn-tepermmffl.
756 3751 1724 3814 Anonpm.Ponttlr.t;trrlaotpcr.t³outt;tuon.por.maru1rrdu.rllanno.

125 3816 555 3868 r.vauc1nm....tt³‚......
753 3813 1037 3870 snonper.rontttr.t.

125 3885 146 3926 s.
161 3877 345 3924 rnrdobonensts
357 3901 726 3922 .................
754 3876 829 3918 Aaou.
840 3883 889 3930 per.
899 3875 969 3920 Ponti
977 3877 1078 3931 excerpt.

114 3947 145 3988 ta.
160 3940 348 3988 nannenus..
375 3940 428 3984 1988
432 3963 731 3990 ··············
760 3938 834 3982 huon.
844 3947 892 3992 per.
902 3936 971 3982 Ponti
979 3939 1080 3994 excerpt.

114 4124 347 4172 terramtenus..
378 4122 713 4178 tutan-tumaces
756 4119 1301 4178 suonsuouunuueoputptummromt.

687 4243 770 4296 notor
784 4243 906 4296 Parisinus
919 4247 966 4294 tta
979 4243 1152 4306 Snpplemmti.

154 4355 183 4412 3.
198 4355 299 4415 Codex
308 4355 461 4417 Parisinus
471 4355 527 4424 443
536 4353 735 4434 Supplementi
743 4366 897 4433 postquam
937 4354 1130 4416 vindicarent.
1146 4353 1281 4412 Ceterum
1293 4353 1407 4412 codices
1421 4373 1482 4412 non
1495 4366 1577 4412 erant
1590 4373 1626 4412 ex
1637 4355 1722 4416 libris

25 4525 27 4528 Ι
116 4453 146 4510 in
162 4453 288 4530 privatas
300 4451 488 4511 bibliothece
504 4451 612 4528 pluteis
632 4449 684 4508 diu
698 4451 832 4526 latuerat,
847 4451 899 4508 vix
939 4451 1108 4529 berryanis,
1118 4471 1221 4510 verum
1234 4450 1415 4510 clarissimus
1424 4449 1603 4510 [uniuntur
1614 4475 1652 4510 ns
1668 4453 1723 4511 llo-

115 4561 179 4606 aute
198 4549 325 4608 sedecim
351 4548 458 4608 abhinc
478 4569 571 4608 annos
585 4550 615 4607 in
636 4550 783 4628 publicum
804 4551 897 4608 lucem
939 4565 1029 4607 sasso
1042 4569 1078 4607 ex
1103 4568 1155 4608 sua
1172 4547 1351 4607 bibliotheca
1377 4567 1428 4606 eos
1446 4549 1596 4624 selegerat,
1616 4561 1648 4608 ut
1665 4570 1721 4607 nnn

113 4659 279 4724 protractus
298 4658 351 4706 est.
369 4645 485 4704 Etenim
511 4665 587 4704 anno
604 4646 677 4718 1837
697 4665 786 4723 quum
803 4647 898 4704 auctio
939 4663 1004 4702 cum
1023 4644 1083 4702 illis
1097 4644 1335 4704 divenderentur.

113 4741 312 4798 institueretur
339 4739 486 4799 librorum
520 4739 714 4800 celeberrimae
748 4739 831 4800 ducis
853 4741 898 4798 Du
979 4747 1007 4807 4.
1026 4738 1060 4796 ln
1079 4738 1231 4797 historiam
1246 4737 1337 4796 nostri
1350 4737 1420 4796 libri
1438 4740 1505 4796 data
1522 4758 1611 4817 opera
1625 4740 1722 4816 inqui·

112 4839 227 4914 benur,
241 4839 320 4897 inter
332 4837 427 4896 libros
445 4838 524 4916 typis
545 4857 699 4917 expressos
718 4838 899 4896 emicuerunt
940 4834 1011 4894 sivit
1024 4832 1201 4893 laetronuius
1216 4833 1224 4908 (
1236 4835 1407 4906 Fragments
1415 4835 1466 4890 cles
1471 4841 1586 4909 palmes
1598 4838 1721 4910 geogra-

113 4955 198 4993 manu
210 4933 313 5012 scripti
328 4933 478 5004 nonnulli,
494 4933 675 5010 antiquitatis
693 4933 823 5008 aerugine
838 4953 898 4992 no-
935 4932 1247 5006 phr'quesdeScymnus
1255 4933 1291 4985 de
1299 4931 1370 4988 Chlo
1379 4945 1407 4987 er
1414 4933 1452 4986 du
1461 4934 1544 4988 Faue
1556 4933 1719 5006 Dr'cc'arque.

112 5029 196 5107 biles,
224 5029 316 5087 codex
340 5028 456 5087 scilicet
478 5027 698 5088 'l'lreodosianus
722 5041 750 5086 et
780 5029 897 5087 Phaedri
937 5033 1023 5086 Paris
1040 5027 1125 5096 1840,
1146 5049 1176 5105 p.
1193 5029 1227 5085 13
1243 5048 1307 5104 sqq.
1325 5029 1369 5086 ct
1386 5027 1493 5102 uerger-
1513 5025 1673 5104 dellirrey
1689 5027 1722 5084 iu

112 5123 274 5182 fabularum
282 5136 312 5182 et
324 5137 426 5182 noster
440 5123 681 5202 geographorum.
691 5125 757 5194 Quo
767 5127 894 5200 cognito,
938 5125 1021 5202 prael.
1045 5124 1081 5181 ad
1101 5124 1216 5183 Pbaedri
1230 5124 1288 5181 tab.
1305 5125 1327 5199 ).
1343 5125 1409 5192 Quo
1423 5135 1581 5201 praeeunte,
1605 5123 1720 5200 potiora

112 5219 174 5277 heri
187 5241 245 5278 nou
261 5220 359 5298 potuit
381 5219 454 5296 quin
470 5219 653 5278 bibliothecae
670 5221 811 5279 Parisinus·
822 5241 897 5298 prae·
937 5223 1040 5302 paucis
1055 5221 1309 5300 corrrprehendum.
1320 5222 1453 5298 Scriptus
1465 5239 1526 5278 esse
1539 5220 1629 5276 codex
1642 5221 1721 5277 virle-

112 5315 175 5373 secti
200 5315 356 5375 thesauros
384 5315 457 5373 istus
487 5317 613 5374 emtione
643 5317 772 5394 publicis
796 5317 897 5376 usibus
939 5321 1028 5378 turin
1042 5319 1213 5389 oriente;i‹l
1232 5319 1508 5392 enimcncograeris
1526 5315 1718 5393 quibusdum,
